@IEEEtranBSTCTL{IEEEexample:BSTcontrol,
    CTLuse_forced_etal = "yes",
    CTLmax_names_forced_etal = "3",
    CTLnames_show_etal = "2" }

@article{Einstein1916,
    author = {{Einstein}, Albert},
    title = {N{\"a}herungsweise Integration der Feldgleichungen der Gravitation},
    journal = {Sitzungsberichte der K{\"o}niglich Preu{\ss}ischen Akademie der Wissenschaften (Berlin)},
    year = {1916},
    month = {jan},
    pages = {688-696},
    adsurl = {https://ui.adsabs.harvard.edu/abs/1916SPAW.......688E},
    adsnote = {Provided by the SAO/NASA Astrophysics Data System}
}

@article{Hulse1975,
    author = {{Hulse}, R.~A. and {Taylor}, J.~H.},
    title = {Discovery of a pulsar in a binary system.},
    journal = {\apjl},
    keywords = {Binary Stars, Orbital Elements, Pulsars, Relativistic Effects, Black Holes (Astronomy), Companion Stars, Eccentric Orbits, Mass Ratios, Neutron Stars, Radial Velocity, Velocity Distribution, Astronomy},
    year = {1975},
    month = {jan},
    volume = {195},
    pages = {L51-L53},
    doi = {10.1086/181708},
    adsurl = {https://ui.adsabs.harvard.edu/abs/1975ApJ...195L..51H},
    adsnote = {Provided by the SAO/NASA Astrophysics Data System}
}

@article{Taylor1982,
    author = {{Taylor}, J.~H. and {Weisberg}, J.~M.},
    title = {A new test of general relativity - Gravitational radiation and the binary pulsar PSR 1913+16},
    journal = {\apj},
    year = 1982,
    month = feb,
    volume = {253},
    pages = {908-920},
    doi = {10.1086/159690},
    adsurl = {https://ui.adsabs.harvard.edu/abs/1982ApJ...253..908T},
    adsnote = {Provided by the SAO/NASA Astrophysics Data System}
}

@article{Eddington1922,
    author = {{Eddington}, A.~S.},
    title = {The Propagation of Gravitational Waves},
    journal = {Proceedings of the Royal Society of London Series A},
    year = 1922,
    month = dec,
    volume = {102},
    number = {716},
    pages = {268-282},
    doi = {10.1098/rspa.1922.0085},
    adsurl = {https://ui.adsabs.harvard.edu/abs/1922RSPSA.102..268E},
    adsnote = {Provided by the SAO/NASA Astrophysics Data System}
}

@article{barke2015towards,
    author = {{Barke}, S. and {Wang}, Y. and {Esteban Delgado}, J.~J. and {Tr{\"o}bs}, M. and {Heinzel}, G. and
    {Danzmann}, K.},
    title = {Towards a gravitational wave observatory designer: sensitivity limits of spaceborne detectors},
    journal = {Classical and Quantum Gravity},
    year = 2015,
    month = may,
    volume = {32},
    number = {9},
    eid = {095004},
    pages = {095004},
    doi = {10.1088/0264-9381/32/9/095004},
    archivePrefix = {arXiv},
    eprint = {1411.1260},
    primaryClass = {physics.ins-det},
    adsurl = {https://ui.adsabs.harvard.edu/abs/2015CQGra..32i5004B},
    adsnote = {Provided by the SAO/NASA Astrophysics Data System}
}

@ARTICLE{Prince2002,
    author = {{Prince}, Thomas A. and {Tinto}, Massimo and {Larson}, Shane L. and {Armstrong}, J.~W.},
    title = {LISA optimal sensitivity},
    journal = {\prd},
    year = 2002,
    month = dec,
    volume = {66},
    number = {12},
    eid = {122002},
    pages = {122002},
    doi = {10.1103/PhysRevD.66.122002},
    archivePrefix = {arXiv},
    eprint = {gr-qc/0209039},
    primaryClass = {gr-qc},
    adsurl = {https://ui.adsabs.harvard.edu/abs/2002PhRvD..66l2002P},
    adsnote = {Provided by the SAO/NASA Astrophysics Data System}
}

@ARTICLE{Robson2019,
    author = {{Robson}, Travis and {Cornish}, Neil J. and {Liu}, Chang},
    title = {The construction and use of LISA sensitivity curves},
    journal = {Classical and Quantum Gravity},
    year = 2019,
    month = may,
    volume = {36},
    number = {10},
    eid = {105011},
    pages = {105011},
    doi = {10.1088/1361-6382/ab1101},
    archivePrefix = {arXiv},
    eprint = {1803.01944},
    primaryClass = {astro-ph.HE},
    adsurl = {https://ui.adsabs.harvard.edu/abs/2019CQGra..36j5011R},
    adsnote = {Provided by the SAO/NASA Astrophysics Data System}
}

@ARTICLE{Stevenson2017,
    author = {{Stevenson}, Simon and {Vigna-G{\'o}mez}, Alejandro and {Mandel}, Ilya and {Barrett}, Jim W. and {Neijssel}, Coenraad J. and {Perkins}, David and {de Mink}, Selma E.},
    title = {Formation of the first three gravitational-wave observations through isolated binary evolution},
    journal = {Nat. Commun.},
    year = {2017},
    month = {apr},
    volume = {8},
    eid = {14906},
    pages = {14906},
    doi = {10.1038/ncomms14906},
    archivePrefix = {arXiv},
    eprint = {1704.01352},
    primaryClass = {astro-ph.HE},
    adsurl = {https://ui.adsabs.harvard.edu/abs/2017NatCo...814906S},
    adsnote = {Provided by the SAO/NASA Astrophysics Data System}
}

@ARTICLE{Wagg2021,
    author = {{Wagg}, T. and {Broekgaarden}, F.~S. and {de Mink}, S.~E. and {Frankel}, N. and {van Son}, L.~A.~C. and {Justham}, S.},
    title = {Gravitational Wave Sources in Our Galactic Backyard: Predictions for BHBH, BHNS, and NSNS Binaries Detectable with LISA},
    journal = {\apj},
    year = {2022},
    month = {oct},
    volume = {937},
    number = {2},
    eid = {118},
    pages = {118},
    doi = {10.3847/1538-4357/ac8675},
    archivePrefix = {arXiv},
    eprint = {2111.13704},
    primaryClass = {astro-ph.HE},
    adsurl = {https://ui.adsabs.harvard.edu/abs/2022ApJ...937..118W},
    adsnote = {Provided by the SAO/NASA Astrophysics Data System}
}


@ARTICLE{Kroupa2001,
    author = {{Kroupa}, Pavel},
    title = {On the variation of the initial mass function},
    journal = {\mnras},
    year = {2001},
    month = {apr},
    volume = {322},
    number = {2},
    pages = {231-246},
    doi = {10.1046/j.1365-8711.2001.04022.x},
    archivePrefix = {arXiv},
    eprint = {astro-ph/0009005},
    primaryClass = {astro-ph},
    adsurl = {https://ui.adsabs.harvard.edu/abs/2001MNRAS.322..231K},
    adsnote = {Provided by the SAO/NASA Astrophysics Data System}
}

@ARTICLE{Sana2012,
    author = {{Sana}, H. and {de Mink}, S.~E. and {de Koter}, A. and {Langer}, N. and {Evans}, C.~J. and {Gieles}, M. and {Gosset}, E. and {Izzard}, R.~G. and {Le Bouquin}, J. -B. and {Schneider}, F.~R.~N.},
    title = {Binary Interaction Dominates the Evolution of Massive Stars},
    journal = {Science},
    year = {2012},
    month = {jul},
    volume = {337},
    number = {6093},
    pages = {444},
    doi = {10.1126/science.1223344},
    archivePrefix = {arXiv},
    eprint = {1207.6397},
    primaryClass = {astro-ph.SR},
    adsurl = {https://ui.adsabs.harvard.edu/abs/2012Sci...337..444S},
    adsnote = {Provided by the SAO/NASA Astrophysics Data System}
}

@article{Opik1924,
    author = {{{\"O}pik}, E.},
    title = {Statistical Studies of Double Stars: On the Distribution of Relative Luminosities and Distances of Double Stars in the Harvard Revised Photometry North of Declination -31{\textdegree}},
    journal = {Publications of the Tartu Astrofizica Observatory},
    year = {1924},
    month = {jan},
    volume = {25},
    pages = {1},
    adsurl = {https://ui.adsabs.harvard.edu/abs/1924PTarO..25f...1O},
    adsnote = {Provided by the SAO/NASA Astrophysics Data System}
}


@ARTICLE{Wagg2021LW,
    author = {{Wagg}, T. and {Breivik}, K. and {de Mink}, S.~E.},
    title = {LEGWORK: A Python Package for Computing the Evolution and Detectability of Stellar-origin Gravitational-wave Sources with Space-based Detectors},
    journal = {\apjs},
    year = {2022},
    month = {jun},
    volume = {260},
    number = {2},
    eid = {52},
    pages = {52},
    doi = {10.3847/1538-4365/ac5c52},
    archivePrefix = {arXiv},
    eprint = {2111.08717},
    primaryClass = {astro-ph.HE},
    adsurl = {https://ui.adsabs.harvard.edu/abs/2022ApJS..260...52W},
    adsnote = {Provided by the SAO/NASA Astrophysics Data System}
}

@ARTICLE{Abott2016,
	author = {{Abbott}, B.~P. and {Abbott}, R. and {Abbott}, T.~D. and {Abernathy}, M.~R. and {Acernese}, F. and {Ackley}, K. and {Adams}, C. and {Adams}, T. and {Addesso}, P. and {Adhikari}, R.~X. and {Adya}, V.~B. and {Affeldt}, C. and {Agathos}, M. and {Agatsuma}, K. and {Aggarwal}, N. and {Aguiar}, O.~D. and {Aiello}, L. and {Ain}, A. and {Ajith}, P. and {Allen}, B. and {Allocca}, A. and {Altin}, P.~A. and {Anderson}, S.~B. and {Anderson}, W.~G. and {Arai}, K. and {Arain}, M.~A. and {Araya}, M.~C. and {Arceneaux}, C.~C. and {Areeda}, J.~S. and {Arnaud}, N. and {Arun}, K.~G. and {Ascenzi}, S. and {Ashton}, G. and {Ast}, M. and {Aston}, S.~M. and {Astone}, P. and {Aufmuth}, P. and {Aulbert}, C. and {Babak}, S. and {Bacon}, P. and {Bader}, M.~K.~M. and {Baker}, P.~T. and {Baldaccini}, F. and {Ballardin}, G. and {Ballmer}, S.~W. and {Barayoga}, J.~C. and {Barclay}, S.~E. and {Barish}, B.~C. and {Barker}, D. and {Barone}, F. and {Barr}, B. and {Barsotti}, L. and {Barsuglia}, M. and {Barta}, D. and {Bartlett}, J. and {Barton}, M.~A. and {Bartos}, I. and {Bassiri}, R. and {Basti}, A. and {Batch}, J.~C. and {Baune}, C. and {Bavigadda}, V. and {Bazzan}, M. and {Behnke}, B. and {Bejger}, M. and {Belczynski}, C. and {Bell}, A.~S. and {Bell}, C.~J. and {Berger}, B.~K. and {Bergman}, J. and {Bergmann}, G. and {Berry}, C.~P.~L. and {Bersanetti}, D. and {Bertolini}, A. and {Betzwieser}, J. and {Bhagwat}, S. and {Bhandare}, R. and {Bilenko}, I.~A. and {Billingsley}, G. and {Birch}, J. and {Birney}, R. and {Birnholtz}, O. and {Biscans}, S. and {Bisht}, A. and {Bitossi}, M. and {Biwer}, C. and {Bizouard}, M.~A. and {Blackburn}, J.~K. and {Blair}, C.~D. and {Blair}, D.~G. and {Blair}, R.~M. and {Bloemen}, S. and {Bock}, O. and {Bodiya}, T.~P. and {Boer}, M. and {Bogaert}, G. and {Bogan}, C. and {Bohe}, A. and {Bojtos}, P. and {Bond}, C. and {Bondu}, F. and {Bonnand}, R. and {Boom}, B.~A. and {Bork}, R. and {Boschi}, V. and {Bose}, S. and {Bouffanais}, Y. and {Bozzi}, A. and {Bradaschia}, C. and {Brady}, P.~R. and {Braginsky}, V.~B. and {Branchesi}, M. and {Brau}, J.~E. and {Briant}, T. and {Brillet}, A. and {Brinkmann}, M. and {Brisson}, V. and {Brockill}, P. and {Brooks}, A.~F. and {Brown}, D.~A. and {Brown}, D.~D. and {Brown}, N.~M. and {Buchanan}, C.~C. and {Buikema}, A. and {Bulik}, T. and {Bulten}, H.~J. and {Buonanno}, A. and {Buskulic}, D. and {Buy}, C. and {Byer}, R.~L. and {Cabero}, M. and {Cadonati}, L. and {Cagnoli}, G. and {Cahillane}, C. and {Bustillo}, J. Calder{\'o}n and {Callister}, T. and {Calloni}, E. and {Camp}, J.~B. and {Cannon}, K.~C. and {Cao}, J. and {Capano}, C.~D. and {Capocasa}, E. and {Carbognani}, F. and {Caride}, S. and {Casanueva Diaz}, J. and {Casentini}, C. and {Caudill}, S. and {Cavagli{\`a}}, M. and {Cavalier}, F. and {Cavalieri}, R. and {Cella}, G. and {Cepeda}, C.~B. and {Baiardi}, L. Cerboni and {Cerretani}, G. and {Cesarini}, E. and {Chakraborty}, R. and {Chalermsongsak}, T. and {Chamberlin}, S.~J. and {Chan}, M. and {Chao}, S. and {Charlton}, P. and {Chassande-Mottin}, E. and {Chen}, H.~Y. and {Chen}, Y. and {Cheng}, C. and {Chincarini}, A. and {Chiummo}, A. and {Cho}, H.~S. and {Cho}, M. and {Chow}, J.~H. and {Christensen}, N. and {Chu}, Q. and {Chua}, S. and {Chung}, S. and {Ciani}, G. and {Clara}, F. and {Clark}, J.~A. and {Cleva}, F. and {Coccia}, E. and {Cohadon}, P. -F. and {Colla}, A. and {Collette}, C.~G. and {Cominsky}, L. and {Constancio}, M. and {Conte}, A. and {Conti}, L. and {Cook}, D. and {Corbitt}, T.~R. and {Cornish}, N. and {Corsi}, A. and {Cortese}, S. and {Costa}, C.~A. and {Coughlin}, M.~W. and {Coughlin}, S.~B. and {Coulon}, J. -P. and {Countryman}, S.~T. and {Couvares}, P. and {Cowan}, E.~E. and {Coward}, D.~M. and {Cowart}, M.~J. and {Coyne}, D.~C. and {Coyne}, R. and {Craig}, K. and {Creighton}, J.~D.~E. and {Creighton}, T.~D. and {Cripe}, J. and {Crowder}, S.~G. and {Cruise}, A.~M. and {Cumming}, A. and {Cunningham}, L. and {Cuoco}, E. and {Dal Canton}, T. and {Danilishin}, S.~L. and {D'Antonio}, S. and {Danzmann}, K. and {Darman}, N.~S. and {Da Silva Costa}, C.~F. and {Dattilo}, V. and {Dave}, I. and {Daveloza}, H.~P. and {Davier}, M. and {Davies}, G.~S. and {Daw}, E.~J. and {Day}, R. and {De}, S. and {DeBra}, D. and {Debreczeni}, G. and {Degallaix}, J. and {De Laurentis}, M. and {Del{\'e}glise}, S. and {Del Pozzo}, W. and {Denker}, T. and {Dent}, T. and {Dereli}, H. and {Dergachev}, V. and {DeRosa}, R.~T. and {De Rosa}, R. and {DeSalvo}, R. and {Dhurandhar}, S. and {D{\'\i}az}, M.~C. and {Di Fiore}, L. and {Di Giovanni}, M. and {Di Lieto}, A. and {Di Pace}, S. and {Di Palma}, I. and {Di Virgilio}, A. and {Dojcinoski}, G. and {Dolique}, V. and {Donovan}, F. and {Dooley}, K.~L. and {Doravari}, S. and {Douglas}, R. and {Downes}, T.~P. and {Drago}, M. and {Drever}, R.~W.~P. and {Driggers}, J.~C. and {Du}, Z. and {Ducrot}, M. and {Dwyer}, S.~E. and {Edo}, T.~B. and {Edwards}, M.~C. and {Effler}, A. and {Eggenstein}, H. -B. and {Ehrens}, P. and {Eichholz}, J. and {Eikenberry}, S.~S. and {Engels}, W. and {Essick}, R.~C. and {Etzel}, T. and {Evans}, M. and {Evans}, T.~M. and {Everett}, R. and {Factourovich}, M. and {Fafone}, V. and {Fair}, H. and {Fairhurst}, S. and {Fan}, X. and {Fang}, Q. and {Farinon}, S. and {Farr}, B. and {Farr}, W.~M. and {Favata}, M. and {Fays}, M. and {Fehrmann}, H. and {Fejer}, M.~M. and {Feldbaum}, D. and {Ferrante}, I. and {Ferreira}, E.~C. and {Ferrini}, F. and {Fidecaro}, F. and {Finn}, L.~S. and {Fiori}, I. and {Fiorucci}, D. and {Fisher}, R.~P. and {Flaminio}, R. and {Fletcher}, M. and {Fong}, H. and {Fournier}, J. -D. and {Franco}, S. and {Frasca}, S. and {Frasconi}, F. and {Frede}, M. and {Frei}, Z. and {Freise}, A. and {Frey}, R. and {Frey}, V. and {Fricke}, T.~T. and {Fritschel}, P. and {Frolov}, V.~V. and {Fulda}, P. and {Fyffe}, M. and {Gabbard}, H.~A.~G. and {Gair}, J.~R. and {Gammaitoni}, L. and {Gaonkar}, S.~G. and {Garufi}, F. and {Gatto}, A. and {Gaur}, G. and {Gehrels}, N. and {Gemme}, G. and {Gendre}, B. and {Genin}, E. and {Gennai}, A. and {George}, J. and {Gergely}, L. and {Germain}, V. and {Ghosh}, Abhirup and {Ghosh}, Archisman and {Ghosh}, S. and {Giaime}, J.~A. and {Giardina}, K.~D. and {Giazotto}, A. and {Gill}, K. and {Glaefke}, A. and {Gleason}, J.~R. and {Goetz}, E. and {Goetz}, R. and {Gondan}, L. and {Gonz{\'a}lez}, G. and {Castro}, J.~M. Gonzalez and {Gopakumar}, A. and {Gordon}, N.~A. and {Gorodetsky}, M.~L. and {Gossan}, S.~E. and {Gosselin}, M. and {Gouaty}, R. and {Graef}, C. and {Graff}, P.~B. and {Granata}, M. and {Grant}, A. and {Gras}, S. and {Gray}, C. and {Greco}, G. and {Green}, A.~C. and {Greenhalgh}, R.~J.~S. and {Groot}, P. and {Grote}, H. and {Grunewald}, S. and {Guidi}, G.~M. and {Guo}, X. and {Gupta}, A. and {Gupta}, M.~K. and {Gushwa}, K.~E. and {Gustafson}, E.~K. and {Gustafson}, R. and {Hacker}, J.~J. and {Hall}, B.~R. and {Hall}, E.~D. and {Hammond}, G. and {Haney}, M. and {Hanke}, M.~M. and {Hanks}, J. and {Hanna}, C. and {Hannam}, M.~D. and {Hanson}, J. and {Hardwick}, T. and {Harms}, J. and {Harry}, G.~M. and {Harry}, I.~W. and {Hart}, M.~J. and {Hartman}, M.~T. and {Haster}, C. -J. and {Haughian}, K. and {Healy}, J. and {Heefner}, J. and {Heidmann}, A. and {Heintze}, M.~C. and {Heinzel}, G. and {Heitmann}, H. and {Hello}, P. and {Hemming}, G. and {Hendry}, M. and {Heng}, I.~S. and {Hennig}, J. and {Heptonstall}, A.~W. and {Heurs}, M. and {Hild}, S. and {Hoak}, D. and {Hodge}, K.~A. and {Hofman}, D. and {Hollitt}, S.~E. and {Holt}, K. and {Holz}, D.~E. and {Hopkins}, P. and {Hosken}, D.~J. and {Hough}, J. and {Houston}, E.~A. and {Howell}, E.~J. and {Hu}, Y.~M. and {Huang}, S. and {Huerta}, E.~A. and {Huet}, D. and {Hughey}, B. and {Husa}, S. and {Huttner}, S.~H. and {Huynh-Dinh}, T. and {Idrisy}, A. and {Indik}, N. and {Ingram}, D.~R. and {Inta}, R. and {Isa}, H.~N. and {Isac}, J. -M. and {Isi}, M. and {Islas}, G. and {Isogai}, T. and {Iyer}, B.~R. and {Izumi}, K. and {Jacobson}, M.~B. and {Jacqmin}, T. and {Jang}, H. and {Jani}, K. and {Jaranowski}, P. and {Jawahar}, S. and {Jim{\'e}nez-Forteza}, F. and {Johnson}, W.~W. and {Johnson-McDaniel}, N.~K. and {Jones}, D.~I. and {Jones}, R. and {Jonker}, R.~J.~G. and {Ju}, L. and {Haris}, K. and {Kalaghatgi}, C.~V. and {Kalogera}, V. and {Kandhasamy}, S. and {Kang}, G. and {Kanner}, J.~B. and {Karki}, S. and {Kasprzack}, M. and {Katsavounidis}, E. and {Katzman}, W. and {Kaufer}, S. and {Kaur}, T. and {Kawabe}, K. and {Kawazoe}, F. and {K{\'e}f{\'e}lian}, F. and {Kehl}, M.~S. and {Keitel}, D. and {Kelley}, D.~B. and {Kells}, W. and {Kennedy}, R. and {Keppel}, D.~G. and {Key}, J.~S. and {Khalaidovski}, A. and {Khalili}, F.~Y. and {Khan}, I. and {Khan}, S. and {Khan}, Z. and {Khazanov}, E.~A. and {Kijbunchoo}, N. and {Kim}, C. and {Kim}, J. and {Kim}, K. and {Kim}, Nam-Gyu and {Kim}, Namjun and {Kim}, Y. -M. and {King}, E.~J. and {King}, P.~J. and {Kinzel}, D.~L. and {Kissel}, J.~S. and {Kleybolte}, L. and {Klimenko}, S. and {Koehlenbeck}, S.~M. and {Kokeyama}, K. and {Koley}, S. and {Kondrashov}, V. and {Kontos}, A. and {Koranda}, S. and {Korobko}, M. and {Korth}, W.~Z. and {Kowalska}, I. and {Kozak}, D.~B. and {Kringel}, V. and {Krishnan}, B. and {Kr{\'o}lak}, A. and {Krueger}, C. and {Kuehn}, G. and {Kumar}, P. and {Kumar}, R. and {Kuo}, L. and {Kutynia}, A. and {Kwee}, P. and {Lackey}, B.~D. and {Landry}, M. and {Lange}, J. and {Lantz}, B. and {Lasky}, P.~D. and {Lazzarini}, A. and {Lazzaro}, C. and {Leaci}, P. and {Leavey}, S. and {Lebigot}, E.~O. and {Lee}, C.~H. and {Lee}, H.~K. and {Lee}, H.~M. and {Lee}, K. and {Lenon}, A. and {Leonardi}, M. and {Leong}, J.~R. and {Leroy}, N. and {Letendre}, N. and {Levin}, Y. and {Levine}, B.~M. and {Li}, T.~G.~F. and {Libson}, A. and {Littenberg}, T.~B. and {Lockerbie}, N.~A. and {Logue}, J. and {Lombardi}, A.~L. and {London}, L.~T. and {Lord}, J.~E. and {Lorenzini}, M. and {Loriette}, V. and {Lormand}, M. and {Losurdo}, G. and {Lough}, J.~D. and {Lousto}, C.~O. and {Lovelace}, G. and {L{\"u}ck}, H. and {Lundgren}, A.~P. and {Luo}, J. and {Lynch}, R. and {Ma}, Y. and {MacDonald}, T. and {Machenschalk}, B. and {MacInnis}, M. and {Macleod}, D.~M. and {Maga{\~n}a-Sandoval}, F. and {Magee}, R.~M. and {Mageswaran}, M. and {Majorana}, E. and {Maksimovic}, I. and {Malvezzi}, V. and {Man}, N. and {Mandel}, I. and {Mandic}, V. and {Mangano}, V. and {Mansell}, G.~L. and {Manske}, M. and {Mantovani}, M. and {Marchesoni}, F. and {Marion}, F. and {M{\'a}rka}, S. and {M{\'a}rka}, Z. and {Markosyan}, A.~S. and {Maros}, E. and {Martelli}, F. and {Martellini}, L. and {Martin}, I.~W. and {Martin}, R.~M. and {Martynov}, D.~V. and {Marx}, J.~N. and {Mason}, K. and {Masserot}, A. and {Massinger}, T.~J. and {Masso-Reid}, M. and {Matichard}, F. and {Matone}, L. and {Mavalvala}, N. and {Mazumder}, N. and {Mazzolo}, G. and {McCarthy}, R. and {McClelland}, D.~E. and {McCormick}, S. and {McGuire}, S.~C. and {McIntyre}, G. and {McIver}, J. and {McManus}, D.~J. and {McWilliams}, S.~T. and {Meacher}, D. and {Meadors}, G.~D. and {Meidam}, J. and {Melatos}, A. and {Mendell}, G. and {Mendoza-Gandara}, D. and {Mercer}, R.~A. and {Merilh}, E. and {Merzougui}, M. and {Meshkov}, S. and {Messenger}, C. and {Messick}, C. and {Meyers}, P.~M. and {Mezzani}, F. and {Miao}, H. and {Michel}, C. and {Middleton}, H. and {Mikhailov}, E.~E. and {Milano}, L. and {Miller}, J. and {Millhouse}, M. and {Minenkov}, Y. and {Ming}, J. and {Mirshekari}, S. and {Mishra}, C. and {Mitra}, S. and {Mitrofanov}, V.~P. and {Mitselmakher}, G. and {Mittleman}, R. and {Moggi}, A. and {Mohan}, M. and {Mohapatra}, S.~R.~P. and {Montani}, M. and {Moore}, B.~C. and {Moore}, C.~J. and {Moraru}, D. and {Moreno}, G. and {Morriss}, S.~R. and {Mossavi}, K. and {Mours}, B. and {Mow-Lowry}, C.~M. and {Mueller}, C.~L. and {Mueller}, G. and {Muir}, A.~W. and {Mukherjee}, Arunava and {Mukherjee}, D. and {Mukherjee}, S. and {Mukund}, N. and {Mullavey}, A. and {Munch}, J. and {Murphy}, D.~J. and {Murray}, P.~G. and {Mytidis}, A. and {Nardecchia}, I. and {Naticchioni}, L. and {Nayak}, R.~K. and {Necula}, V. and {Nedkova}, K. and {Nelemans}, G. and {Neri}, M. and {Neunzert}, A. and {Newton}, G. and {Nguyen}, T.~T. and {Nielsen}, A.~B. and {Nissanke}, S. and {Nitz}, A. and {Nocera}, F. and {Nolting}, D. and {Normandin}, M.~E.~N. and {Nuttall}, L.~K. and {Oberling}, J. and {Ochsner}, E. and {O'Dell}, J. and {Oelker}, E. and {Ogin}, G.~H. and {Oh}, J.~J. and {Oh}, S.~H. and {Ohme}, F. and {Oliver}, M. and {Oppermann}, P. and {Oram}, Richard J. and {O'Reilly}, B. and {O'Shaughnessy}, R. and {Ott}, C.~D. and {Ottaway}, D.~J. and {Ottens}, R.~S. and {Overmier}, H. and {Owen}, B.~J. and {Pai}, A. and {Pai}, S.~A. and {Palamos}, J.~R. and {Palashov}, O. and {Palomba}, C. and {Pal-Singh}, A. and {Pan}, H. and {Pan}, Y. and {Pankow}, C. and {Pannarale}, F. and {Pant}, B.~C. and {Paoletti}, F. and {Paoli}, A. and {Papa}, M.~A. and {Paris}, H.~R. and {Parker}, W. and {Pascucci}, D. and {Pasqualetti}, A. and {Passaquieti}, R. and {Passuello}, D. and {Patricelli}, B. and {Patrick}, Z. and {Pearlstone}, B.~L. and {Pedraza}, M. and {Pedurand}, R. and {Pekowsky}, L. and {Pele}, A. and {Penn}, S. and {Perreca}, A. and {Pfeiffer}, H.~P. and {Phelps}, M. and {Piccinni}, O. and {Pichot}, M. and {Pickenpack}, M. and {Piergiovanni}, F. and {Pierro}, V. and {Pillant}, G. and {Pinard}, L. and {Pinto}, I.~M. and {Pitkin}, M. and {Poeld}, J.~H. and {Poggiani}, R. and {Popolizio}, P. and {Post}, A. and {Powell}, J. and {Prasad}, J. and {Predoi}, V. and {Premachandra}, S.~S. and {Prestegard}, T. and {Price}, L.~R. and {Prijatelj}, M. and {Principe}, M. and {Privitera}, S. and {Prix}, R. and {Prodi}, G.~A. and {Prokhorov}, L. and {Puncken}, O. and {Punturo}, M. and {Puppo}, P. and {P{\"u}rrer}, M. and {Qi}, H. and {Qin}, J. and {Quetschke}, V. and {Quintero}, E.~A. and {Quitzow-James}, R. and {Raab}, F.~J. and {Rabeling}, D.~S. and {Radkins}, H. and {Raffai}, P. and {Raja}, S. and {Rakhmanov}, M. and {Ramet}, C.~R. and {Rapagnani}, P. and {Raymond}, V. and {Razzano}, M. and {Re}, V. and {Read}, J. and {Reed}, C.~M. and {Regimbau}, T. and {Rei}, L. and {Reid}, S. and {Reitze}, D.~H. and {Rew}, H. and {Reyes}, S.~D. and {Ricci}, F. and {Riles}, K. and {Robertson}, N.~A. and {Robie}, R. and {Robinet}, F. and {Rocchi}, A. and {Rolland}, L. and {Rollins}, J.~G. and {Roma}, V.~J. and {Romano}, J.~D. and {Romano}, R. and {Romanov}, G. and {Romie}, J.~H. and {Rosi{\'n}ska}, D. and {Rowan}, S. and {R{\"u}diger}, A. and {Ruggi}, P. and {Ryan}, K. and {Sachdev}, S. and {Sadecki}, T. and {Sadeghian}, L. and {Salconi}, L. and {Saleem}, M. and {Salemi}, F. and {Samajdar}, A. and {Sammut}, L. and {Sampson}, L.~M. and {Sanchez}, E.~J. and {Sandberg}, V. and {Sandeen}, B. and {Sanders}, G.~H. and {Sanders}, J.~R. and {Sassolas}, B. and {Sathyaprakash}, B.~S. and {Saulson}, P.~R. and {Sauter}, O. and {Savage}, R.~L. and {Sawadsky}, A. and {Schale}, P. and {Schilling}, R. and {Schmidt}, J. and {Schmidt}, P. and {Schnabel}, R. and {Schofield}, R.~M.~S. and {Sch{\"o}nbeck}, A. and {Schreiber}, E. and {Schuette}, D. and {Schutz}, B.~F. and {Scott}, J. and {Scott}, S.~M. and {Sellers}, D. and {Sengupta}, A.~S. and {Sentenac}, D. and {Sequino}, V. and {Sergeev}, A. and {Serna}, G. and {Setyawati}, Y. and {Sevigny}, A. and {Shaddock}, D.~A. and {Shaffer}, T. and {Shah}, S. and {Shahriar}, M.~S. and {Shaltev}, M. and {Shao}, Z. and {Shapiro}, B. and {Shawhan}, P. and {Sheperd}, A. and {Shoemaker}, D.~H. and {Shoemaker}, D.~M. and {Siellez}, K. and {Siemens}, X. and {Sigg}, D. and {Silva}, A.~D. and {Simakov}, D. and {Singer}, A. and {Singer}, L.~P. and {Singh}, A. and {Singh}, R. and {Singhal}, A. and {Sintes}, A.~M. and {Slagmolen}, B.~J.~J. and {Smith}, J.~R. and {Smith}, M.~R. and {Smith}, N.~D. and {Smith}, R.~J.~E. and {Son}, E.~J. and {Sorazu}, B. and {Sorrentino}, F. and {Souradeep}, T. and {Srivastava}, A.~K. and {Staley}, A. and {Steinke}, M. and {Steinlechner}, J. and {Steinlechner}, S. and {Steinmeyer}, D. and {Stephens}, B.~C. and {Stevenson}, S.~P. and {Stone}, R. and {Strain}, K.~A. and {Straniero}, N. and {Stratta}, G. and {Strauss}, N.~A. and {Strigin}, S. and {Sturani}, R. and {Stuver}, A.~L. and {Summerscales}, T.~Z. and {Sun}, L. and {Sutton}, P.~J. and {Swinkels}, B.~L. and {Szczepa{\'n}czyk}, M.~J. and {Tacca}, M. and {Talukder}, D. and {Tanner}, D.~B. and {T{\'a}pai}, M. and {Tarabrin}, S.~P. and {Taracchini}, A. and {Taylor}, R. and {Theeg}, T. and {Thirugnanasambandam}, M.~P. and {Thomas}, E.~G. and {Thomas}, M. and {Thomas}, P. and {Thorne}, K.~A. and {Thorne}, K.~S. and {Thrane}, E. and {Tiwari}, S. and {Tiwari}, V. and {Tokmakov}, K.~V. and {Tomlinson}, C. and {Tonelli}, M. and {Torres}, C.~V. and {Torrie}, C.~I. and {T{\"o}yr{\"a}}, D. and {Travasso}, F. and {Traylor}, G. and {Trifir{\`o}}, D. and {Tringali}, M.~C. and {Trozzo}, L. and {Tse}, M. and {Turconi}, M. and {Tuyenbayev}, D. and {Ugolini}, D. and {Unnikrishnan}, C.~S. and {Urban}, A.~L. and {Usman}, S.~A. and {Vahlbruch}, H. and {Vajente}, G. and {Valdes}, G. and {Vallisneri}, M. and {van Bakel}, N. and {van Beuzekom}, M. and {van den Brand}, J.~F.~J. and {Van Den Broeck}, C. and {Vander-Hyde}, D.~C. and {van der Schaaf}, L. and {van Heijningen}, J.~V. and {van Veggel}, A.~A. and {Vardaro}, M. and {Vass}, S. and {Vas{\'u}th}, M. and {Vaulin}, R. and {Vecchio}, A. and {Vedovato}, G. and {Veitch}, J. and {Veitch}, P.~J. and {Venkateswara}, K. and {Verkindt}, D. and {Vetrano}, F. and {Vicer{\'e}}, A. and {Vinciguerra}, S. and {Vine}, D.~J. and {Vinet}, J. -Y. and {Vitale}, S. and {Vo}, T. and {Vocca}, H. and {Vorvick}, C. and {Voss}, D. and {Vousden}, W.~D. and {Vyatchanin}, S.~P. and {Wade}, A.~R. and {Wade}, L.~E. and {Wade}, M. and {Waldman}, S.~J. and {Walker}, M. and {Wallace}, L. and {Walsh}, S. and {Wang}, G. and {Wang}, H. and {Wang}, M. and {Wang}, X. and {Wang}, Y. and {Ward}, H. and {Ward}, R.~L. and {Warner}, J. and {Was}, M. and {Weaver}, B. and {Wei}, L. -W. and {Weinert}, M. and {Weinstein}, A.~J. and {Weiss}, R. and {Welborn}, T. and {Wen}, L. and {We{\ss}els}, P. and {Westphal}, T. and {Wette}, K. and {Whelan}, J.~T. and {Whitcomb}, S.~E. and {White}, D.~J. and {Whiting}, B.~F. and {Wiesner}, K. and {Wilkinson}, C. and {Willems}, P.~A. and {Williams}, L. and {Williams}, R.~D. and {Williamson}, A.~R. and {Willis}, J.~L. and {Willke}, B. and {Wimmer}, M.~H. and {Winkelmann}, L. and {Winkler}, W. and {Wipf}, C.~C. and {Wiseman}, A.~G. and {Wittel}, H. and {Woan}, G. and {Worden}, J. and {Wright}, J.~L. and {Wu}, G. and {Yablon}, J. and {Yakushin}, I. and {Yam}, W. and {Yamamoto}, H. and {Yancey}, C.~C. and {Yap}, M.~J. and {Yu}, H. and {Yvert}, M. and {Zadro{\.Z}ny}, A. and {Zangrando}, L. and {Zanolin}, M. and {Zendri}, J. -P. and {Zevin}, M. and {Zhang}, F. and {Zhang}, L. and {Zhang}, M. and {Zhang}, Y. and {Zhao}, C. and {Zhou}, M. and {Zhou}, Z. and {Zhu}, X.~J. and {Zucker}, M.~E. and {Zuraw}, S.~E. and {Zweizig}, J. and {LIGO Scientific Collaboration} and {Virgo Collaboration}},
	title = "{Observation of Gravitational Waves from a Binary Black Hole Merger}",
	journal = {\prl},
	year = 2016,
	month = feb,
	volume = {116},
	number = {6},
	eid = {061102},
	pages = {061102},
	doi = {10.1103/PhysRevLett.116.061102},
	archivePrefix = {arXiv},
	eprint = {1602.03837},
	primaryClass = {gr-qc},
	adsurl = {https://ui.adsabs.harvard.edu/abs/2016PhRvL.116f1102A},
	adsnote = {Provided by the SAO/NASA Astrophysics Data System}
}


@article{Fumagalli2022,
    author = {{Fumagalli}, Jacopo and {Pieroni}, Mauro and {Renaux-Petel}, S{\'e}bastien and {Witkowski}, Lukas T.},
    title = {Detecting primordial features with LISA},
    journal = {JCAP},
    year = {2022},
    month = {jul},
    volume = {2022},
    number = {7},
    eid = {020},
    pages = {020},
    doi = {10.1088/1475-7516/2022/07/020},
    archivePrefix = {arXiv},
    eprint = {2112.06903},
    primaryClass = {astro-ph.CO},
    adsurl = {https://ui.adsabs.harvard.edu/abs/2022JCAP...07..020F},
    adsnote = {Provided by the SAO/NASA Astrophysics Data System}
}

@article{Renzo2021,
    author = {{Renzo}, M. and {Callister}, T. and {Chatziioannou}, K. and {van Son}, L.~A.~C. and {Mingarelli}, C.~M.~F. and {Cantiello}, M. and {Ford}, K.~E.~S. and {McKernan}, B. and {Ashton}, G.},
    title = {Prospects of Gravitational Wave Detections from Common Envelope Evolution with LISA},
    journal = {\apj},
    year = {2021},
    month = {oct},
    volume = {919},
    number = {2},
    eid = {128},
    pages = {128},
    doi = {10.3847/1538-4357/ac1110},
    archivePrefix = {arXiv},
    eprint = {2102.00078},
    primaryClass = {astro-ph.SR},
    adsurl = {https://ui.adsabs.harvard.edu/abs/2021ApJ...919..128R},
    adsnote = {Provided by the SAO/NASA Astrophysics Data System}
}

@article{Khakhaleva2020,
    author = {{Khakhaleva-Li}, Zimu and {Hogan}, Craig J.},
    title = {Will LISA Detect Harmonic Gravitational Waves from Galactic Cosmic String Loops?},
    journal = {arXiv},
    year = {2020},
    month = {may},
    eid = {arXiv:2006.00438},
    archivePrefix = {arXiv},
    eprint = {2006.00438},
    primaryClass = {astro-ph.CO},
    adsurl = {https://ui.adsabs.harvard.edu/abs/2020arXiv200600438K},
    adsnote = {Provided by the SAO/NASA Astrophysics Data System}
}

@article{Sesana2009,
    author = {{Sesana}, A. and {Volonteri}, M. and {Haardt}, F.},
    title = {LISA detection of massive black hole binaries: imprint of seed populations and extreme recoils},
    journal = {Classical and Quantum Gravity},
    year = {2009},
    month = {may},
    volume = {26},
    number = {9},
    eid = {094033},
    pages = {094033},
    doi = {10.1088/0264-9381/26/9/094033},
    archivePrefix = {arXiv},
    eprint = {0810.5554},
    primaryClass = {astro-ph},
    adsurl = {https://ui.adsabs.harvard.edu/abs/2009CQGra..26i4033S},
    adsnote = {Provided by the SAO/NASA Astrophysics Data System}
}

@article{Lau2020,
    author = {{Lau}, Mike Y.~M. and {Mandel}, Ilya and {Vigna-G{\'o}mez}, Alejandro and {Neijssel}, Coenraad J. and {Stevenson}, Simon and {Sesana}, Alberto},
    title = {Detecting double neutron stars with LISA},
    journal = {\mnras},
    year = {2020},
    month = {mar},
    volume = {492},
    number = {3},
    pages = {3061-3072},
    doi = {10.1093/mnras/staa002},
    archivePrefix = {arXiv},
    eprint = {1910.12422},
    primaryClass = {astro-ph.HE},
    adsurl = {https://ui.adsabs.harvard.edu/abs/2020MNRAS.492.3061L},
    adsnote = {Provided by the SAO/NASA Astrophysics Data System}
}

@article{Broekgaarden2021,
    author = {{Broekgaarden}, Floor S. and {Berger}, Edo and {Neijssel}, Coenraad J. and {Vigna-G{\'o}mez}, Alejandro and {Chattopadhyay}, Debatri and {Stevenson}, Simon and {Chruslinska}, Martyna and {Justham}, Stephen and {de Mink}, Selma E. and {Mandel}, Ilya},
    title = {Impact of massive binary star and cosmic evolution on gravitational wave observations I: black hole-neutron star mergers},
    journal = {\mnras},
    year = {2021},
    month = {dec},
    volume = {508},
    number = {4},
    pages = {5028-5063},
    doi = {10.1093/mnras/stab2716},
    archivePrefix = {arXiv},
    eprint = {2103.02608},
    primaryClass = {astro-ph.HE},
    adsurl = {https://ui.adsabs.harvard.edu/abs/2021MNRAS.508.5028B},
    adsnote = {Provided by the SAO/NASA Astrophysics Data System}
}

@article{Shao2021,
    author = {{Shao}, Yong and {Li}, Xiang-Dong},
    title = {Population Synthesis of Black Hole Binaries with Compact Star Companions},
    journal = {\apj},
    year = {2021},
    month = {oct},
    volume = {920},
    number = {2},
    eid = {81},
    pages = {81},
    doi = {10.3847/1538-4357/ac173e},
    archivePrefix = {arXiv},
    eprint = {2107.03565},
    primaryClass = {astro-ph.HE},
    adsurl = {https://ui.adsabs.harvard.edu/abs/2021ApJ...920...81S},
    adsnote = {Provided by the SAO/NASA Astrophysics Data System}
}

@article{Andrews2020,
    author = {{Andrews}, Jeff J. and {Breivik}, Katelyn and {Pankow}, Chris and {D'Orazio}, Daniel J. and {Safarzadeh}, Mohammadtaher},
    title = {LISA and the Existence of a Fast-merging Double Neutron Star Formation Channel},
    journal = {\apjl},
    year = {2020},
    month = {mar},
    volume = {892},
    number = {1},
    eid = {L9},
    pages = {L9},
    doi = {10.3847/2041-8213/ab5b9a},
    archivePrefix = {arXiv},
    eprint = {1910.13436},
    primaryClass = {astro-ph.HE},
    adsurl = {https://ui.adsabs.harvard.edu/abs/2020ApJ...892L...9A},
    adsnote = {Provided by the SAO/NASA Astrophysics Data System}
}

@article{Belczynski2010,
    author = {{Belczynski}, Krzysztof and {Benacquista}, Matthew and {Bulik}, Tomasz},
    title = {Double Compact Objects as Low-frequency Gravitational Wave Sources},
    journal = {\apj},
    year = {2010},
    month = {dec},
    volume = {725},
    number = {1},
    pages = {816-823},
    doi = {10.1088/0004-637X/725/1/816},
    archivePrefix = {arXiv},
    eprint = {0811.1602},
    primaryClass = {astro-ph},
    adsurl = {https://ui.adsabs.harvard.edu/abs/2010ApJ...725..816B},
    adsnote = {Provided by the SAO/NASA Astrophysics Data System}
}

@article{Guo2017,
    author = {{Guo}, Huai-Ke and {Shu}, Jing and {Zhao}, Yue},
    title = {Using LISA-like Gravitational Wave Detectors to Search for Primordial Black Holes},
    journal = {arXiv e-prints},
    year = {2017},
    month = {sep},
    pages = {arXiv:1709.03500},
    archivePrefix = {arXiv},
    eprint = {1709.03500},
    primaryClass = {astro-ph.CO},
    adsurl = {https://ui.adsabs.harvard.edu/abs/2017arXiv170903500G},
    adsnote = {Provided by the SAO/NASA Astrophysics Data System}
}

@article{Babak2010,
    author = {{Babak}, Stanislav and {Baker}, John G. and {Benacquista}, Matthew J. and {Cornish}, Neil J. and {Larson}, Shane L. and {Mandel}, Ilya and {McWilliams}, Sean T. and {Petiteau}, Antoine and {Porter}, Edward K. and {Robinson}, Emma L. and {Vallisneri}, Michele and {Vecchio}, Alberto and {Data Challenge Task Force}, the Mock LISA and {Adams}, Matt and {Arnaud}, Keith A. and {B{\l}aut}, Arkadiusz and {Bridges}, Michael and {Cohen}, Michael and {Cutler}, Curt and {Feroz}, Farhan and {Gair}, Jonathan R. and {Graff}, Philip and {Hobson}, Mike and {Shapiro Key}, Joey and {Kr{\'o}lak}, Andrzej and {Lasenby}, Anthony and {Prix}, Reinhard and {Shang}, Yu and {Trias}, Miquel and {Veitch}, John and {Whelan}, John T. and {participants}, the Challenge 3},
    title = {The Mock LISA Data Challenges: from challenge 3 to challenge 4},
    journal = {Classical and Quantum Gravity},
    keywords = {General Relativity and Quantum Cosmology},
    year = {2010},
    month = {apr},
    volume = {27},
    number = {8},
    eid = {084009},
    pages = {084009},
    doi = {10.1088/0264-9381/27/8/084009},
    archivePrefix = {arXiv},
    eprint = {0912.0548},
    primaryClass = {gr-qc},
    adsurl = {https://ui.adsabs.harvard.edu/abs/2010CQGra..27h4009B},
    adsnote = {Provided by the SAO/NASA Astrophysics Data System}
}

@article{Babak2008,
    author = {{Babak}, Stanislav and {Baker}, John G. and {Benacquista}, Matthew J. and {Cornish}, Neil J. and {Crowder}, Jeff and {Cutler}, Curt and {Larson}, Shane L. and {Littenberg}, Tyson B. and {Porter}, Edward K. and {Vallisneri}, Michele and {Vecchio}, Alberto and {data challenge task force}, the Mock LISA and {Auger}, Gerard and {Barack}, Leor and {B{\l}aut}, Arkadiusz and {Bloomer}, Ed and {Brown}, Duncan A. and {Christensen}, Nelson and {Clark}, James and {Fairhurst}, Stephen and {Gair}, Jonathan R. and {Halloin}, Hubert and {Hendry}, Martin and {Jimenez}, Arturo and {Kr{\'o}lak}, Andrzej and {Mandel}, Ilya and {Messenger}, Chris and {Meyer}, Renate and {Mohanty}, Soumya and {Nayak}, Rajesh and {Petiteau}, Antoine and {Pitkin}, Matt and {Plagnol}, Eric and {Prix}, Reinhard and {Robinson}, Emma L. and {Roever}, Christian and {Savov}, Pavlin and {Stroeer}, Alexander and {Toher}, Jennifer and {Veitch}, John and {Vinet}, Jean{\textendash}Yves and {Wen}, Linqing and {Whelan}, John T. and {Woan}, Graham and {Challenge-2 participants}, the},
    title = {Report on the second Mock LISA data challenge},
    journal = {Classical and Quantum Gravity},
    keywords = {General Relativity and Quantum Cosmology},
    year = {2008},
    month = {jun},
    volume = {25},
    number = {11},
    eid = {114037},
    pages = {114037},
    doi = {10.1088/0264-9381/25/11/114037},
    archivePrefix = {arXiv},
    eprint = {0711.2667},
    primaryClass = {gr-qc},
    adsurl = {https://ui.adsabs.harvard.edu/abs/2008CQGra..25k4037B},
    adsnote = {Provided by the SAO/NASA Astrophysics Data System}
}

@article{Blaut2010,
    author = {{B{\l}aut}, Arkadiusz and {Babak}, Stanislav and {Kr{\'o}lak}, Andrzej},
    title = {Mock LISA data challenge for the Galactic white dwarf binaries},
    journal = {\prd},
    year = {2010},
    month = {mar},
    volume = {81},
    number = {6},
    eid = {063008},
    pages = {063008},
    doi = {10.1103/PhysRevD.81.063008},
    archivePrefix = {arXiv},
    eprint = {0911.3020},
    primaryClass = {gr-qc},
    adsurl = {https://ui.adsabs.harvard.edu/abs/2010PhRvD..81f3008B},
    adsnote = {Provided by the SAO/NASA Astrophysics Data System}
}

@article{Ruiter2010,
    author = {{Ruiter}, Ashley J. and {Belczynski}, Krzysztof and {Benacquista}, Matthew and {Larson}, Shane L. and {Williams}, Gabriel},
    title = {The LISA Gravitational Wave Foreground: A Study of Double White Dwarfs},
    journal = {\apj},
    year = {2010},
    month = {jul},
    volume = {717},
    number = {2},
    pages = {1006-1021},
    doi = {10.1088/0004-637X/717/2/1006},
    archivePrefix = {arXiv},
    eprint = {0705.3272},
    primaryClass = {astro-ph},
    adsurl = {https://ui.adsabs.harvard.edu/abs/2010ApJ...717.1006R},
    adsnote = {Provided by the SAO/NASA Astrophysics Data System}
}

@article{Nelemans2001,
    author = {{Nelemans}, G. and {Yungelson}, L.~R. and {Portegies Zwart}, S.~F.},
    title = {The gravitational wave signal from the Galactic disk population of binaries containing two compact objects},
    journal = {\aap},
    year = {2001},
    month = {sep},
    volume = {375},
    pages = {890-898},
    doi = {10.1051/0004-6361:20010683},
    archivePrefix = {arXiv},
    eprint = {astro-ph/0105221},
    primaryClass = {astro-ph},
    adsurl = {https://ui.adsabs.harvard.edu/abs/2001A&A...375..890N},
    adsnote = {Provided by the SAO/NASA Astrophysics Data System}
}

@article{Yu2010,
    author = {{Yu}, S. and {Jeffery}, C.~S.},
    title = {The gravitational wave signal from diverse populations of double white dwarf binaries in the Galaxy},
    journal = {\aap},
    year = {2010},
    month = {oct},
    volume = {521},
    eid = {A85},
    pages = {A85},
    doi = {10.1051/0004-6361/201014827},
    archivePrefix = {arXiv},
    eprint = {1007.4267},
    primaryClass = {astro-ph.SR},
    adsurl = {https://ui.adsabs.harvard.edu/abs/2010A&A...521A..85Y},
    adsnote = {Provided by the SAO/NASA Astrophysics Data System}
}

@article{Hurley2000,
    author = {{Hurley}, Jarrod R. and {Pols}, Onno R. and {Tout}, Christopher A.},
    title = {Comprehensive analytic formulae for stellar evolution as a function of mass and metallicity},
    journal = {\mnras},
    year = {2000},
    month = {jul},
    volume = {315},
    number = {3},
    pages = {543-569},
    doi = {10.1046/j.1365-8711.2000.03426.x},
    archivePrefix = {arXiv},
    eprint = {astro-ph/0001295},
    primaryClass = {astro-ph},
    adsurl = {https://ui.adsabs.harvard.edu/abs/2000MNRAS.315..543H},
    adsnote = {Provided by the SAO/NASA Astrophysics Data System}
}

@article{Hurley2002,
    author = {{Hurley}, Jarrod R. and {Tout}, Christopher A. and {Pols}, Onno R.},
    title = {Evolution of binary stars and the effect of tides on binary populations},
    journal = {\mnras},
    year = {2002},
    month = {feb},
    volume = {329},
    number = {4},
    pages = {897-928},
    doi = {10.1046/j.1365-8711.2002.05038.x},
    archivePrefix = {arXiv},
    eprint = {astro-ph/0201220},
    primaryClass = {astro-ph},
    adsurl = {https://ui.adsabs.harvard.edu/abs/2002MNRAS.329..897H},
    adsnote = {Provided by the SAO/NASA Astrophysics Data System}
}

@article{Riley2022,
    author = {{Riley}, Jeff and {Agrawal}, Poojan and {Barrett}, Jim W. and {Boyett}, Kristan N.~K. and {Broekgaarden}, Floor S. and {Chattopadhyay}, Debatri and {Gaebel}, Sebastian M. and {Gittins}, Fabian and {Hirai}, Ryosuke and {Howitt}, George and {Justham}, Stephen and {Khandelwal}, Lokesh and {Kummer}, Floris and {Lau}, Mike Y.~M. and {Mandel}, Ilya and {de Mink}, Selma E. and {Neijssel}, Coenraad and {Riley}, Tim and {van Son}, Lieke and {Stevenson}, Simon and {Vigna-G{\'o}mez}, Alejandro and {Vinciguerra}, Serena and {Wagg}, Tom and {Willcox}, Reinhold and {Team Compas}},
    title = {Rapid Stellar and Binary Population Synthesis with COMPAS},
    journal = {\apjs},
    year = {2022},
    month = {feb},
    volume = {258},
    number = {2},
    eid = {34},
    pages = {34},
    doi = {10.3847/1538-4365/ac416c},
    archivePrefix = {arXiv},
    eprint = {2109.10352},
    primaryClass = {astro-ph.IM},
    adsurl = {https://ui.adsabs.harvard.edu/abs/2022ApJS..258...34R},
    adsnote = {Provided by the SAO/NASA Astrophysics Data System}
}


@article{Broekgaarden2019,
    author = {{Broekgaarden}, Floor S. and {Justham}, Stephen and {de Mink}, Selma E. and {Gair}, Jonathan and {Mandel}, Ilya and {Stevenson}, Simon and {Barrett}, Jim W. and {Vigna-G{\'o}mez}, Alejandro and {Neijssel}, Coenraad J.},
    title = {STROOPWAFEL: simulating rare outcomes from astrophysical populations, with application to gravitational-wave sources$^{\star}$},
    journal = {\mnras},
    year = {2019},
    month = {dec},
    volume = {490},
    number = {4},
    pages = {5228-5248},
    doi = {10.1093/mnras/stz2558},
    archivePrefix = {arXiv},
    eprint = {1905.00910},
    primaryClass = {astro-ph.HE},
    adsurl = {https://ui.adsabs.harvard.edu/abs/2019MNRAS.490.5228B},
    adsnote = {Provided by the SAO/NASA Astrophysics Data System}
}

@article{Vigna2018,
    author = {{Vigna-G{\'o}mez}, Alejandro and {Neijssel}, Coenraad J. and {Stevenson}, Simon and {Barrett}, Jim W. and {Belczynski}, Krzysztof and {Justham}, Stephen and {de Mink}, Selma E. and {M{\"u}ller}, Bernhard and {Podsiadlowski}, Philipp and {Renzo}, Mathieu and {Sz{\'e}csi}, Dorottya and {Mandel}, Ilya},
    title = {On the formation history of Galactic double neutron stars},
    journal = {\mnras},
    year = {2018},
    month = {dec},
    volume = {481},
    number = {3},
    pages = {4009-4029},
    doi = {10.1093/mnras/sty2463},
    archivePrefix = {arXiv},
    eprint = {1805.07974},
    primaryClass = {astro-ph.SR},
    adsurl = {https://ui.adsabs.harvard.edu/abs/2018MNRAS.481.4009V},
    adsnote = {Provided by the SAO/NASA Astrophysics Data System}
}

@ARTICLE{Fryer2012,
    author = {{Fryer}, Chris L. and {Belczynski}, Krzysztof and {Wiktorowicz}, Grzegorz and {Dominik}, Michal and {Kalogera}, Vicky and {Holz}, Daniel E.},
    title = {Compact Remnant Mass Function: Dependence on the Explosion Mechanism and Metallicity},
    journal = {\apj},
    year = {2012},
    month = {apr},
    volume = {749},
    number = {1},
    eid = {91},
    pages = {91},
    doi = {10.1088/0004-637X/749/1/91},
    archivePrefix = {arXiv},
    eprint = {1110.1726},
    primaryClass = {astro-ph.SR},
    adsurl = {https://ui.adsabs.harvard.edu/abs/2012ApJ...749...91F},
    adsnote = {Provided by the SAO/NASA Astrophysics Data System}
}

@ARTICLE{Mandel2020,
    author = {{Mandel}, Ilya and {M{\"u}ller}, Bernhard},
    title = {Simple recipes for compact remnant masses and natal kicks},
    journal = {\mnras},
    year = {2020},
    month = {dec},
    volume = {499},
    number = {3},
    pages = {3214-3221},
    doi = {10.1093/mnras/staa3043},
    archivePrefix = {arXiv},
    eprint = {2006.08360},
    primaryClass = {astro-ph.HE},
    adsurl = {https://ui.adsabs.harvard.edu/abs/2020MNRAS.499.3214M},
    adsnote = {Provided by the SAO/NASA Astrophysics Data System}
}

@ARTICLE{Frankel2018,
    author = {{Frankel}, Neige and {Rix}, Hans-Walter and {Ting}, Yuan-Sen and {Ness}, Melissa and {Hogg}, David W.},
    title = {Measuring Radial Orbit Migration in the Galactic Disk},
    journal = {\apj},
    year = {2018},
    month = {oct},
    volume = {865},
    number = {2},
    eid = {96},
    pages = {96},
    doi = {10.3847/1538-4357/aadba5},
    archivePrefix = {arXiv},
    eprint = {1805.09198},
    primaryClass = {astro-ph.GA},
    adsurl = {https://ui.adsabs.harvard.edu/abs/2018ApJ...865...96F},
    adsnote = {Provided by the SAO/NASA Astrophysics Data System}
}

@ARTICLE{Bovy2019,
    author = {{Bovy}, Jo and {Leung}, Henry W. and {Hunt}, Jason A.~S. and {Mackereth}, J. Ted and {Garc{\'\i}a-Hern{\'a}ndez}, Domingo A. and {Roman-Lopes}, Alexandre},
    title = {Life in the fast lane: a direct view of the dynamics, formation, and evolution of the Milky Way's bar},
    journal = {\mnras},
    year = {2019},
    month = {dec},
    volume = {490},
    number = {4},
    pages = {4740-4747},
    doi = {10.1093/mnras/stz2891},
    archivePrefix = {arXiv},
    eprint = {1905.11404},
    primaryClass = {astro-ph.GA},
    adsurl = {https://ui.adsabs.harvard.edu/abs/2019MNRAS.490.4740B},
    adsnote = {Provided by the SAO/NASA Astrophysics Data System}
}

@ARTICLE{McMillan2011,
    author = {{McMillan}, Paul J.},
    title = {Mass models of the Milky Way},
    journal = {\mnras},
    year = {2011},
    month = {jul},
    volume = {414},
    number = {3},
    pages = {2446-2457},
    doi = {10.1111/j.1365-2966.2011.18564.x},
    archivePrefix = {arXiv},
    eprint = {1102.4340},
    primaryClass = {astro-ph.GA},
    adsurl = {https://ui.adsabs.harvard.edu/abs/2011MNRAS.414.2446M},
    adsnote = {Provided by the SAO/NASA Astrophysics Data System}
}

@ARTICLE{Bovy2016,
    author = {{Bovy}, Jo and {Rix}, Hans-Walter and {Schlafly}, Edward F. and {Nidever}, David L. and {Holtzman}, Jon A. and {Shetrone}, Matthew and {Beers}, Timothy C.},
    title = {The Stellar Population Structure of the Galactic Disk},
    journal = {\apj},
    year = {2016},
    month = {may},
    volume = {823},
    number = {1},
    eid = {30},
    pages = {30},
    doi = {10.3847/0004-637X/823/1/30},
    archivePrefix = {arXiv},
    eprint = {1509.05796},
    primaryClass = {astro-ph.GA},
    adsurl = {https://ui.adsabs.harvard.edu/abs/2016ApJ...823...30B},
    adsnote = {Provided by the SAO/NASA Astrophysics Data System}
}

@ARTICLE{Wegg2015,
    author = {{Wegg}, Christopher and {Gerhard}, Ortwin and {Portail}, Matthieu},
    title = {The structure of the Milky Way's bar outside the bulge},
    journal = {\mnras},
    year = {2015},
    month = {jul},
    volume = {450},
    number = {4},
    pages = {4050-4069},
    doi = {10.1093/mnras/stv745},
    archivePrefix = {arXiv},
    eprint = {1504.01401},
    primaryClass = {astro-ph.GA},
    adsurl = {https://ui.adsabs.harvard.edu/abs/2015MNRAS.450.4050W},
    adsnote = {Provided by the SAO/NASA Astrophysics Data System}
}

@ARTICLE{Peters1964,
    author = {{Peters}, P.~C.},
    title = {Gravitational Radiation and the Motion of Two Point Masses},
    journal = {Physical Review},
    year = {1964},
    month = {nov},
    volume = {136},
    number = {4B},
    pages = {1224-1232},
    doi = {10.1103/PhysRev.136.B1224},
    adsurl = {https://ui.adsabs.harvard.edu/abs/1964PhRv..136.1224P},
    adsnote = {Provided by the SAO/NASA Astrophysics Data System}
}

@ARTICLE{Peters1963,
    author = {{Peters}, P.~C. and {Mathews}, J.},
    title = {Gravitational Radiation from Point Masses in a Keplerian Orbit},
    journal = {Physical Review},
    year = 1963,
    month = jul,
    volume = {131},
    number = {1},
    pages = {435-440},
    doi = {10.1103/PhysRev.131.435},
    adsurl = {https://ui.adsabs.harvard.edu/abs/1963PhRv..131..435P},
    adsnote = {Provided by the SAO/NASA Astrophysics Data System}
}

@ARTICLE{Finn2000,
    author = {{Finn}, Lee Samuel and {Thorne}, Kip S.},
    title = {Gravitational waves from a compact star in a circular, inspiral orbit, in the equatorial plane of a massive, spinning black hole, as observed by LISA},
    journal = {\prd},
    year = 2000,
    month = dec,
    volume = {62},
    number = {12},
    eid = {124021},
    pages = {124021},
    doi = {10.1103/PhysRevD.62.124021},
    archivePrefix = {arXiv},
    eprint = {gr-qc/0007074},
    primaryClass = {gr-qc},
    adsurl = {https://ui.adsabs.harvard.edu/abs/2000PhRvD..62l4021F},
    adsnote = {Provided by the SAO/NASA Astrophysics Data System}
}


@ARTICLE{Barack2004,
    author = {{Barack}, Leor and {Cutler}, Curt},
    title = {LISA capture sources: Approximate waveforms, signal-to-noise ratios, and parameter estimation accuracy},
    journal = {\prd},
    year = 2004,
    month = apr,
    volume = {69},
    number = {8},
    eid = {082005},
    pages = {082005},
    doi = {10.1103/PhysRevD.69.082005},
    archivePrefix = {arXiv},
    eprint = {gr-qc/0310125},
    primaryClass = {gr-qc},
    adsurl = {https://ui.adsabs.harvard.edu/abs/2004PhRvD..69h2005B},
    adsnote = {Provided by the SAO/NASA Astrophysics Data System}
}

@ARTICLE{aLIGO2015,
    author = {{LIGO Scientific Collaboration} and {Aasi}, J. and {Abbott}, B.~P. and {Abbott}, R. and {Abbott}, T. and {Abernathy}, M.~R. and {Ackley}, K. and {Adams}, C. and {Adams}, T. and {Addesso}, P. and {Adhikari}, R.~X. and {Adya}, V. and {Affeldt}, C. and {Aggarwal}, N. and {Aguiar}, O.~D. and {Ain}, A. and {Ajith}, P. and {Alemic}, A. and {Allen}, B. and {Amariutei}, D. and {Anderson}, S.~B. and {Anderson}, W.~G. and {Arai}, K. and {Araya}, M.~C. and {Arceneaux}, C. and {Areeda}, J.~S. and {Ashton}, G. and {Ast}, S. and {Aston}, S.~M. and {Aufmuth}, P. and {Aulbert}, C. and {Aylott}, B.~E. and {Babak}, S. and {Baker}, P.~T. and {Ballmer}, S.~W. and {Barayoga}, J.~C. and {Barbet}, M. and {Barclay}, S. and {Barish}, B.~C. and {Barker}, D. and {Barr}, B. and {Barsotti}, L. and {Bartlett}, J. and {Barton}, M.~A. and {Bartos}, I. and {Bassiri}, R. and {Batch}, J.~C. and {Baune}, C. and {Behnke}, B. and {Bell}, A.~S. and {Bell}, C. and {Benacquista}, M. and {Bergman}, J. and {Bergmann}, G. and {Berry}, C.~P.~L. and {Betzwieser}, J. and {Bhagwat}, S. and {Bhandare}, R. and {Bilenko}, I.~A. and {Billingsley}, G. and {Birch}, J. and {Biscans}, S. and {Biwer}, C. and {Blackburn}, J.~K. and {Blackburn}, L. and {Blair}, C.~D. and {Blair}, D. and {Bock}, O. and {Bodiya}, T.~P. and {Bojtos}, P. and {Bond}, C. and {Bork}, R. and {Born}, M. and {Bose}, Sukanta and {Brady}, P.~R. and {Braginsky}, V.~B. and {Brau}, J.~E. and {Bridges}, D.~O. and {Brinkmann}, M. and {Brooks}, A.~F. and {Brown}, D.~A. and {Brown}, D.~D. and {Brown}, N.~M. and {Buchman}, S. and {Buikema}, A. and {Buonanno}, A. and {Cadonati}, L. and {Calder{\'o}n Bustillo}, J. and {Camp}, J.~B. and {Cannon}, K.~C. and {Cao}, J. and {Capano}, C.~D. and {Caride}, S. and {Caudill}, S. and {Cavagli{\`a}}, M. and {Cepeda}, C. and {Chakraborty}, R. and {Chalermsongsak}, T. and {Chamberlin}, S.~J. and {Chao}, S. and {Charlton}, P. and {Chen}, Y. and {Cho}, H.~S. and {Cho}, M. and {Chow}, J.~H. and {Christensen}, N. and {Chu}, Q. and {Chung}, S. and {Ciani}, G. and {Clara}, F. and {Clark}, J.~A. and {Collette}, C. and {Cominsky}, L. and {Constancio}, M., Jr. and {Cook}, D. and {Corbitt}, T.~R. and {Cornish}, N. and {Corsi}, A. and {Costa}, C.~A. and {Coughlin}, M.~W. and {Countryman}, S. and {Couvares}, P. and {Coward}, D.~M. and {Cowart}, M.~J. and {Coyne}, D.~C. and {Coyne}, R. and {Craig}, K. and {Creighton}, J.~D.~E. and {Creighton}, T.~D. and {Cripe}, J. and {Crowder}, S.~G. and {Cumming}, A. and {Cunningham}, L. and {Cutler}, C. and {Dahl}, K. and {Dal Canton}, T. and {Damjanic}, M. and {Danilishin}, S.~L. and {Danzmann}, K. and {Dartez}, L. and {Dave}, I. and {Daveloza}, H. and {Davies}, G.~S. and {Daw}, E.~J. and {DeBra}, D. and {Del Pozzo}, W. and {Denker}, T. and {Dent}, T. and {Dergachev}, V. and {DeRosa}, R.~T. and {DeSalvo}, R. and {Dhurandhar}, S. and {D{\textasciiacute}{\i}az}, M. and {Di Palma}, I. and {Dojcinoski}, G. and {Dominguez}, E. and {Donovan}, F. and {Dooley}, K.~L. and {Doravari}, S. and {Douglas}, R. and {Downes}, T.~P. and {Driggers}, J.~C. and {Du}, Z. and {Dwyer}, S. and {Eberle}, T. and {Edo}, T. and {Edwards}, M. and {Edwards}, M. and {Effler}, A. and {Eggenstein}, H. -B. and {Ehrens}, P. and {Eichholz}, J. and {Eikenberry}, S.~S. and {Essick}, R. and {Etzel}, T. and {Evans}, M. and {Evans}, T. and {Factourovich}, M. and {Fairhurst}, S. and {Fan}, X. and {Fang}, Q. and {Farr}, B. and {Farr}, W.~M. and {Favata}, M. and {Fays}, M. and {Fehrmann}, H. and {Fejer}, M.~M. and {Feldbaum}, D. and {Ferreira}, E.~C. and {Fisher}, R.~P. and {Frei}, Z. and {Freise}, A. and {Frey}, R. and {Fricke}, T.~T. and {Fritschel}, P. and {Frolov}, V.~V. and {Fuentes-Tapia}, S. and {Fulda}, P. and {Fyffe}, M. and {Gair}, J.~R. and {Gaonkar}, S. and {Gehrels}, N. and {Gergely}, L. {\'A}. and {Giaime}, J.~A. and {Giardina}, K.~D. and {Gleason}, J. and {Goetz}, E. and {Goetz}, R. and {Gondan}, L. and {Gonz{\'a}lez}, G. and {Gordon}, N. and {Gorodetsky}, M.~L. and {Gossan}, S. and {Go{\ss}ler}, S. and {Gr{\"a}f}, C. and {Graff}, P.~B. and {Grant}, A. and {Gras}, S. and {Gray}, C. and {Greenhalgh}, R.~J.~S. and {Gretarsson}, A.~M. and {Grote}, H. and {Grunewald}, S. and {Guido}, C.~J. and {Guo}, X. and {Gushwa}, K. and {Gustafson}, E.~K. and {Gustafson}, R. and {Hacker}, J. and {Hall}, E.~D. and {Hammond}, G. and {Hanke}, M. and {Hanks}, J. and {Hanna}, C. and {Hannam}, M.~D. and {Hanson}, J. and {Hardwick}, T. and {Harry}, G.~M. and {Harry}, I.~W. and {Hart}, M. and {Hartman}, M.~T. and {Haster}, C. -J. and {Haughian}, K. and {Hee}, S. and {Heintze}, M. and {Heinzel}, G. and {Hendry}, M. and {Heng}, I.~S. and {Heptonstall}, A.~W. and {Heurs}, M. and {Hewitson}, M. and {Hild}, S. and {Hoak}, D. and {Hodge}, K.~A. and {Hollitt}, S.~E. and {Holt}, K. and {Hopkins}, P. and {Hosken}, D.~J. and {Hough}, J. and {Houston}, E. and {Howell}, E.~J. and {Hu}, Y.~M. and {Huerta}, E. and {Hughey}, B. and {Husa}, S. and {Huttner}, S.~H. and {Huynh}, M. and {Huynh-Dinh}, T. and {Idrisy}, A. and {Indik}, N. and {Ingram}, D.~R. and {Inta}, R. and {Islas}, G. and {Isler}, J.~C. and {Isogai}, T. and {Iyer}, B.~R. and {Izumi}, K. and {Jacobson}, M. and {Jang}, H. and {Jawahar}, S. and {Ji}, Y. and {Jim{\'e}nez-Forteza}, F. and {Johnson}, W.~W. and {Jones}, D.~I. and {Jones}, R. and {Ju}, L. and {Haris}, K. and {Kalogera}, V. and {Kandhasamy}, S. and {Kang}, G. and {Kanner}, J.~B. and {Katsavounidis}, E. and {Katzman}, W. and {Kaufer}, H. and {Kaufer}, S. and {Kaur}, T. and {Kawabe}, K. and {Kawazoe}, F. and {Keiser}, G.~M. and {Keitel}, D. and {Kelley}, D.~B. and {Kells}, W. and {Keppel}, D.~G. and {Key}, J.~S. and {Khalaidovski}, A. and {Khalili}, F.~Y. and {Khazanov}, E.~A. and {Kim}, C. and {Kim}, K. and {Kim}, N.~G. and {Kim}, N. and {Kim}, Y. -M. and {King}, E.~J. and {King}, P.~J. and {Kinzel}, D.~L. and {Kissel}, J.~S. and {Klimenko}, S. and {Kline}, J. and {Koehlenbeck}, S. and {Kokeyama}, K. and {Kondrashov}, V. and {Korobko}, M. and {Korth}, W.~Z. and {Kozak}, D.~B. and {Kringel}, V. and {Krishnan}, B. and {Krueger}, C. and {Kuehn}, G. and {Kumar}, A. and {Kumar}, P. and {Kuo}, L. and {Landry}, M. and {Lantz}, B. and {Larson}, S. and {Lasky}, P.~D. and {Lazzarini}, A. and {Lazzaro}, C. and {Le}, J. and {Leaci}, P. and {Leavey}, S. and {Lebigot}, E.~O. and {Lee}, C.~H. and {Lee}, H.~K. and {Lee}, H.~M. and {Leong}, J.~R. and {Levin}, Y. and {Levine}, B. and {Lewis}, J. and {Li}, T.~G.~F. and {Libbrecht}, K. and {Libson}, A. and {Lin}, A.~C. and {Littenberg}, T.~B. and {Lockerbie}, N.~A. and {Lockett}, V. and {Logue}, J. and {Lombardi}, A.~L. and {Lormand}, M. and {Lough}, J. and {Lubinski}, M.~J. and {L{\"u}ck}, H. and {Lundgren}, A.~P. and {Lynch}, R. and {Ma}, Y. and {Macarthur}, J. and {MacDonald}, T. and {Machenschalk}, B. and {MacInnis}, M. and {Macleod}, D.~M. and {Maga{\~n}a-Sandoval}, F. and {Magee}, R. and {Mageswaran}, M. and {Maglione}, C. and {Mailand}, K. and {Mandel}, I. and {Mandic}, V. and {Mangano}, V. and {Mansell}, G.~L. and {M{\'a}rka}, S. and {M{\'a}rka}, Z. and {Markosyan}, A. and {Maros}, E. and {Martin}, I.~W. and {Martin}, R.~M. and {Martynov}, D. and {Marx}, J.~N. and {Mason}, K. and {Massinger}, T.~J. and {Matichard}, F. and {Matone}, L. and {Mavalvala}, N. and {Mazumder}, N. and {Mazzolo}, G. and {McCarthy}, R. and {McClelland}, D.~E. and {McCormick}, S. and {McGuire}, S.~C. and {McIntyre}, G. and {McIver}, J. and {McLin}, K. and {McWilliams}, S. and {Meadors}, G.~D. and {Meinders}, M. and {Melatos}, A. and {Mendell}, G. and {Mercer}, R.~A. and {Meshkov}, S. and {Messenger}, C. and {Meyers}, P.~M. and {Miao}, H. and {Middleton}, H. and {Mikhailov}, E.~E. and {Miller}, A. and {Miller}, J. and {Millhouse}, M. and {Ming}, J. and {Mirshekari}, S. and {Mishra}, C. and {Mitra}, S. and {Mitrofanov}, V.~P. and {Mitselmakher}, G. and {Mittleman}, R. and {Moe}, B. and {Mohanty}, S.~D. and {Mohapatra}, S.~R.~P. and {Moore}, B. and {Moraru}, D. and {Moreno}, G. and {Morriss}, S.~R. and {Mossavi}, K. and {Mow-Lowry}, C.~M. and {Mueller}, C.~L. and {Mueller}, G. and {Mukherjee}, S. and {Mullavey}, A. and {Munch}, J. and {Murphy}, D. and {Murray}, P.~G. and {Mytidis}, A. and {Nash}, T. and {Nayak}, R.~K. and {Necula}, V. and {Nedkova}, K. and {Newton}, G. and {Nguyen}, T. and {Nielsen}, A.~B. and {Nissanke}, S. and {Nitz}, A.~H. and {Nolting}, D. and {Normandin}, M.~E.~N. and {Nuttall}, L.~K. and {Ochsner}, E. and {O'Dell}, J. and {Oelker}, E. and {Ogin}, G.~H. and {Oh}, J.~J. and {Oh}, S.~H. and {Ohme}, F. and {Oppermann}, P. and {Oram}, R. and {O'Reilly}, B. and {Ortega}, W. and {O'Shaughnessy}, R. and {Osthelder}, C. and {Ott}, C.~D. and {Ottaway}, D.~J. and {Ottens}, R.~S. and {Overmier}, H. and {Owen}, B.~J. and {Padilla}, C. and {Pai}, A. and {Pai}, S. and {Palashov}, O. and {Pal-Singh}, A. and {Pan}, H. and {Pankow}, C. and {Pannarale}, F. and {Pant}, B.~C. and {Papa}, M.~A. and {Paris}, H. and {Patrick}, Z. and {Pedraza}, M. and {Pekowsky}, L. and {Pele}, A. and {Penn}, S. and {Perreca}, A. and {Phelps}, M. and {Pierro}, V. and {Pinto}, I.~M. and {Pitkin}, M. and {Poeld}, J. and {Post}, A. and {Poteomkin}, A. and {Powell}, J. and {Prasad}, J. and {Predoi}, V. and {Premachandra}, S. and {Prestegard}, T. and {Price}, L.~R. and {Principe}, M. and {Privitera}, S. and {Prix}, R. and {Prokhorov}, L. and {Puncken}, O. and {P{\"u}rrer}, M. and {Qin}, J. and {Quetschke}, V. and {Quintero}, E. and {Quiroga}, G. and {Quitzow-James}, R. and {Raab}, F.~J. and {Rabeling}, D.~S. and {Radkins}, H. and {Raffai}, P. and {Raja}, S. and {Rajalakshmi}, G. and {Rakhmanov}, M. and {Ramirez}, K. and {Raymond}, V. and {Reed}, C.~M. and {Reid}, S. and {Reitze}, D.~H. and {Reula}, O. and {Riles}, K. and {Robertson}, N.~A. and {Robie}, R. and {Rollins}, J.~G. and {Roma}, V. and {Romano}, J.~D. and {Romanov}, G. and {Romie}, J.~H. and {Rowan}, S. and {R{\"u}diger}, A. and {Ryan}, K. and {Sachdev}, S. and {Sadecki}, T. and {Sadeghian}, L. and {Saleem}, M. and {Salemi}, F. and {Sammut}, L. and {Sandberg}, V. and {Sanders}, J.~R. and {Sannibale}, V. and {Santiago-Prieto}, I. and {Sathyaprakash}, B.~S. and {Saulson}, P.~R. and {Savage}, R. and {Sawadsky}, A. and {Scheuer}, J. and {Schilling}, R. and {Schmidt}, P. and {Schnabel}, R. and {Schofield}, R.~M.~S. and {Schreiber}, E. and {Schuette}, D. and {Schutz}, B.~F. and {Scott}, J. and {Scott}, S.~M. and {Sellers}, D. and {Sengupta}, A.~S. and {Sergeev}, A. and {Serna}, G. and {Sevigny}, A. and {Shaddock}, D.~A. and {Shahriar}, M.~S. and {Shaltev}, M. and {Shao}, Z. and {Shapiro}, B. and {Shawhan}, P. and {Shoemaker}, D.~H. and {Sidery}, T.~L. and {Siemens}, X. and {Sigg}, D. and {Silva}, A.~D. and {Simakov}, D. and {Singer}, A. and {Singer}, L. and {Singh}, R. and {Sintes}, A.~M. and {Slagmolen}, B.~J.~J. and {Smith}, J.~R. and {Smith}, M.~R. and {Smith}, R.~J.~E. and {Smith-Lefebvre}, N.~D. and {Son}, E.~J. and {Sorazu}, B. and {Souradeep}, T. and {Staley}, A. and {Stebbins}, J. and {Steinke}, M. and {Steinlechner}, J. and {Steinlechner}, S. and {Steinmeyer}, D. and {Stephens}, B.~C. and {Steplewski}, S. and {Stevenson}, S. and {Stone}, R. and {Strain}, K.~A. and {Strigin}, S. and {Sturani}, R. and {Stuver}, A.~L. and {Summerscales}, T.~Z. and {Sutton}, P.~J. and {Szczepanczyk}, M. and {Szeifert}, G. and {Talukder}, D. and {Tanner}, D.~B. and {T{\'a}pai}, M. and {Tarabrin}, S.~P. and {Taracchini}, A. and {Taylor}, R. and {Tellez}, G. and {Theeg}, T. and {Thirugnanasambandam}, M.~P. and {Thomas}, M. and {Thomas}, P. and {Thorne}, K.~A. and {Thorne}, K.~S. and {Thrane}, E. and {Tiwari}, V. and {Tomlinson}, C. and {Torres}, C.~V. and {Torrie}, C.~I. and {Traylor}, G. and {Tse}, M. and {Tshilumba}, D. and {Ugolini}, D. and {Unnikrishnan}, C.~S. and {Urban}, A.~L. and {Usman}, S.~A. and {Vahlbruch}, H. and {Vajente}, G. and {Valdes}, G. and {Vallisneri}, M. and {van Veggel}, A.~A. and {Vass}, S. and {Vaulin}, R. and {Vecchio}, A. and {Veitch}, J. and {Veitch}, P.~J. and {Venkateswara}, K. and {Vincent-Finley}, R. and {Vitale}, S. and {Vo}, T. and {Vorvick}, C. and {Vousden}, W.~D. and {Vyatchanin}, S.~P. and {Wade}, A.~R. and {Wade}, L. and {Wade}, M. and {Walker}, M. and {Wallace}, L. and {Walsh}, S. and {Wang}, H. and {Wang}, M. and {Wang}, X. and {Ward}, R.~L. and {Warner}, J. and {Was}, M. and {Weaver}, B. and {Weinert}, M. and {Weinstein}, A.~J. and {Weiss}, R. and {Welborn}, T. and {Wen}, L. and {Wessels}, P. and {Westphal}, T. and {Wette}, K. and {Whelan}, J.~T. and {Whitcomb}, S.~E. and {White}, D.~J. and {Whiting}, B.~F. and {Wilkinson}, C. and {Williams}, L. and {Williams}, R. and {Williamson}, A.~R. and {Willis}, J.~L. and {Willke}, B. and {Wimmer}, M. and {Winkler}, W. and {Wipf}, C.~C. and {Wittel}, H. and {Woan}, G. and {Worden}, J. and {Xie}, S. and {Yablon}, J. and {Yakushin}, I. and {Yam}, W. and {Yamamoto}, H. and {Yancey}, C.~C. and {Yang}, Q. and {Zanolin}, M. and {Zhang}, Fan and {Zhang}, L. and {Zhang}, M. and {Zhang}, Y. and {Zhao}, C. and {Zhou}, M. and {Zhu}, X.~J. and {Zucker}, M.~E. and {Zuraw}, S. and {Zweizig}, J.},
    title = {Advanced LIGO},
    journal = {Classical and Quantum Gravity},
    keywords = {General Relativity and Quantum Cosmology, Astrophysics - Instrumentation and Methods for Astrophysics, Physics - Instrumentation and Detectors},
    year = {2015},
    month = {apr},
    volume = {32},
    number = {7},
    eid = {074001},
    pages = {074001},
    doi = {10.1088/0264-9381/32/7/074001},
    archivePrefix = {arXiv},
    eprint = {1411.4547},
    primaryClass = {gr-qc},
    adsurl = {https://ui.adsabs.harvard.edu/abs/2015CQGra..32g4001L},
    adsnote = {Provided by the SAO/NASA Astrophysics Data System}
}


@article{aVIRGO2014,
    author = {{Acernese}, F. and {Agathos}, M. and {Agatsuma}, K. and {Aisa}, D. and {Allemandou}, N. and {Allocca}, A. and {Amarni}, J. and {Astone}, P. and {Balestri}, G. and {Ballardin}, G. and et al.},
    title = {Advanced Virgo: a second-generation interferometric gravitational wave detector},
    journal = {Classical and Quantum Gravity},
    keywords = {gravitational wave detectors, laser interferometry, gravitational waves, 04.80.Nn, 95.55.Ym, General Relativity and Quantum Cosmology, Physics - Instrumentation and Detectors},
    year = {2015},
    month = {jan},
    volume = {32},
    number = {2},
    eid = {024001},
    pages = {024001},
    note = {10.1088/0264-9381/32/2/024001},
    archivePrefix = {arXiv},
    eprint = {1408.3978},
    primaryClass = {gr-qc},
    adsurl = {https://ui.adsabs.harvard.edu/abs/2015CQGra..32b4001A},
    adsnote = {Provided by the SAO/NASA Astrophysics Data System}
}

@ARTICLE{Chapman2022,
    author = {{Chapman-Bird}, Christian E.~A. and {Berry}, Christopher P.~L. and {Woan}, Graham},
    title = {Rapid determination of LISA sensitivity to extreme mass ratio inspirals with machine learning},
    journal = {arXiv e-prints},
    keywords = {Astrophysics - High Energy Astrophysical Phenomena, General Relativity and Quantum Cosmology},
    year = {2022},
    month = {dec},
    eid = {arXiv:2212.06166},
    pages = {arXiv:2212.06166},
    doi = {10.48550/arXiv.2212.06166},
    archivePrefix = {arXiv},
    eprint = {2212.06166},
    primaryClass = {astro-ph.HE},
    adsurl = {https://ui.adsabs.harvard.edu/abs/2022arXiv221206166C},
    adsnote = {Provided by the SAO/NASA Astrophysics Data System}
}

@INPROCEEDINGS{Gair2017,
    author = {{Gair}, Jonathan R. and {Babak}, Stanislav and {Sesana}, Alberto and {Amaro-Seoane}, Pau and {Barausse}, Enrico and {Berry}, Christopher P.~L. and {Berti}, Emanuele and {Sopuerta}, Carlos},
    title = {Prospects for observing extreme-mass-ratio inspirals with LISA},
    keywords = {Astrophysics - Astrophysics of Galaxies, Astrophysics - Cosmology and Nongalactic Astrophysics, General Relativity and Quantum Cosmology},
    booktitle = {Journal of Physics Conference Series},
    year = 2017,
    series = {Journal of Physics Conference Series},
    volume = {840},
    month = {may},
    eid = {012021},
    pages = {012021},
    doi = {10.1088/1742-6596/840/1/012021},
    archivePrefix = {arXiv},
    eprint = {1704.00009},
    primaryClass = {astro-ph.GA},
    adsurl = {https://ui.adsabs.harvard.edu/abs/2017JPhCS.840a2021G},
    adsnote = {Provided by the SAO/NASA Astrophysics Data System}
}

@ARTICLE{Klein2016,
    author = {{Klein}, Antoine and {Barausse}, Enrico and {Sesana}, Alberto and {Petiteau}, Antoine and {Berti}, Emanuele and {Babak}, Stanislav and {Gair}, Jonathan and {Aoudia}, Sofiane and {Hinder}, Ian and {Ohme}, Frank and {Wardell}, Barry},
    title = {Science with the space-based interferometer eLISA: Supermassive black hole binaries},
    journal = {\prd},
    keywords = {General Relativity and Quantum Cosmology, Astrophysics - High Energy Astrophysical Phenomena},
    year = {2016},
    month = {jan},
    volume = {93},
    number = {2},
    eid = {024003},
    pages = {024003},
    doi = {10.1103/PhysRevD.93.024003},
    archivePrefix = {arXiv},
    eprint = {1511.05581},
    primaryClass = {gr-qc},
    adsurl = {https://ui.adsabs.harvard.edu/abs/2016PhRvD..93b4003K},
    adsnote = {Provided by the SAO/NASA Astrophysics Data System}
}

@ARTICLE{Digman2022,
    author = {{Digman}, Matthew C. and {Hirata}, Chris M.},
    title = {LISA Galactic Binaries in the Roman Galactic Bulge Time-Domain Survey},
    journal = {arXiv e-prints},
    keywords = {Astrophysics - Astrophysics of Galaxies, General Relativity and Quantum Cosmology},
    year = {2022},
    month = {dec},
    eid = {arXiv:2212.14887},
    pages = {arXiv:2212.14887},
    doi = {10.48550/arXiv.2212.14887},
    archivePrefix = {arXiv},
    eprint = {2212.14887},
    primaryClass = {astro-ph.GA},
    adsurl = {https://ui.adsabs.harvard.edu/abs/2022arXiv221214887D},
    adsnote = {Provided by the SAO/NASA Astrophysics Data System}
}

@INPROCEEDINGS{Korol2017,
    author = {{Korol}, V. and {Rossi}, E.~M. and {Groot}, P.~J.},
    title = {Detection of Double White Dwarf Binaries with Gaia, LSST and eLISA},
    booktitle = {20th European White Dwarf Workshop},
    year = {2017},
    editor = {{Tremblay}, P. -E. and {Gaensicke}, B. and {Marsh}, T.},
    series = {Astronomical Society of the Pacific Conference Series},
    volume = {509},
    month = {mar},
    pages = {529},
    adsurl = {https://ui.adsabs.harvard.edu/abs/2017ASPC..509..529K},
    adsnote = {Provided by the SAO/NASA Astrophysics Data System}
}


@ARTICLE{Willems2007,
    author = {{Willems}, B. and {Kalogera}, V. and {Vecchio}, A. and {Ivanova}, N. and {Rasio}, F.~A. and {Fregeau}, J.~M. and {Belczynski}, K.},
    title = {Eccentric Double White Dwarfs as LISA Sources in Globular Clusters},
    journal = {\apjl},
    keywords = {Stars: Binaries: Close, Gravitational Waves, Stars: White Dwarfs, Astrophysics, General Relativity and Quantum Cosmology},
    year = {2007},
    month = {aug},
    volume = {665},
    number = {1},
    pages = {L59-L62},
    doi = {10.1086/521049},
    archivePrefix = {arXiv},
    eprint = {0705.4287},
    primaryClass = {astro-ph},
    adsurl = {https://ui.adsabs.harvard.edu/abs/2007ApJ...665L..59W},
    adsnote = {Provided by the SAO/NASA Astrophysics Data System}
}

@ARTICLE{Riley2021,
    author = {{Riley}, Jeff and {Mandel}, Ilya and {Marchant}, Pablo and {Butler}, Ellen and {Nathaniel}, Kaila and {Neijssel}, Coenraad and {Shortt}, Spencer and {Vigna-G{\'o}mez}, Alejandro},
    title = {Chemically homogeneous evolution: a rapid population synthesis approach},
    journal = {\mnras},
    keywords = {gravitational waves, stars: evolution, stars: massive, black hole mergers, binaries: close, Astrophysics - Solar and Stellar Astrophysics, Astrophysics - High Energy Astrophysical Phenomena},
    year = {2021},
    month = {jul},
    volume = {505},
    number = {1},
    pages = {663-676},
    doi = {10.1093/mnras/stab1291},
    archivePrefix = {arXiv},
    eprint = {2010.00002},
    primaryClass = {astro-ph.SR},
    adsurl = {https://ui.adsabs.harvard.edu/abs/2021MNRAS.505..663R},
    adsnote = {Provided by the SAO/NASA Astrophysics Data System}
}

@ARTICLE{Numpy2020,
	author = {{Harris}, Charles R. and {Millman}, K. Jarrod and {van der Walt}, St{\'e}fan J. and {Gommers}, Ralf and {Virtanen}, Pauli and {Cournapeau}, David and {Wieser}, Eric and {Taylor}, Julian and {Berg}, Sebastian and {Smith}, Nathaniel J. and {Kern}, Robert and {Picus}, Matti and {Hoyer}, Stephan and {van Kerkwijk}, Marten H. and {Brett}, Matthew and {Haldane}, Allan and {del R{\'\i}o}, Jaime Fern{\'a}ndez and {Wiebe}, Mark and {Peterson}, Pearu and {G{\'e}rard-Marchant}, Pierre and {Sheppard}, Kevin and {Reddy}, Tyler and {Weckesser}, Warren and {Abbasi}, Hameer and {Gohlke}, Christoph and {Oliphant}, Travis E.},
	title = "{Array programming with NumPy}",
	journal = {\nat},
	keywords = {Computer Science - Mathematical Software, Statistics - Computation},
	year = 2020,
	month = sep,
	volume = {585},
	number = {7825},
	pages = {357-362},
	doi = {10.1038/s41586-020-2649-2},
	archivePrefix = {arXiv},
	eprint = {2006.10256},
	primaryClass = {cs.MS},
	adsurl = {https://ui.adsabs.harvard.edu/abs/2020Natur.585..357H},
	adsnote = {Provided by the SAO/NASA Astrophysics Data System}
}

@INPROCEEDINGS{Matplotlib2005,
	author = {{Barrett}, P. and {Hunter}, J. and {Miller}, J.~T. and {Hsu}, J. -C. and {Greenfield}, P.},
	title = "{matplotlib -- A Portable Python Plotting Package}",
	booktitle = {Astronomical Data Analysis Software and Systems XIV},
	year = 2005,
	editor = {{Shopbell}, P. and {Britton}, M. and {Ebert}, R.},
	series = {Astronomical Society of the Pacific Conference Series},
	volume = {347},
	month = dec,
	pages = {91},
	adsurl = {https://ui.adsabs.harvard.edu/abs/2005ASPC..347...91B},
	adsnote = {Provided by the SAO/NASA Astrophysics Data System}
}

@ARTICLE{Matplotlib2007,
	author = {{Hunter}, John D.},
	title = "{Matplotlib: A 2D Graphics Environment}",
	journal = {Computing in Science and Engineering},
	keywords = {Python, Scripting languages, Application development, Scientific programming},
	year = 2007,
	month = may,
	volume = {9},
	number = {3},
	pages = {90-95},
	doi = {10.1109/MCSE.2007.55},
	adsurl = {https://ui.adsabs.harvard.edu/abs/2007CSE.....9...90H},
	adsnote = {Provided by the SAO/NASA Astrophysics Data System}
}

@ARTICLE{Astropy2013,
	author = {{Astropy Collaboration} and {Robitaille}, Thomas P. and {Tollerud}, Erik J. and {Greenfield}, Perry and {Droettboom}, Michael and {Bray}, Erik and {Aldcroft}, Tom and {Davis}, Matt and {Ginsburg}, Adam and {Price-Whelan}, Adrian M. and {Kerzendorf}, Wolfgang E. and {Conley}, Alexander and {Crighton}, Neil and {Barbary}, Kyle and {Muna}, Demitri and {Ferguson}, Henry and {Grollier}, Fr{\'e}d{\'e}ric and {Parikh}, Madhura M. and {Nair}, Prasanth H. and {Unther}, Hans M. and {Deil}, Christoph and {Woillez}, Julien and {Conseil}, Simon and {Kramer}, Roban and {Turner}, James E.~H. and {Singer}, Leo and {Fox}, Ryan and {Weaver}, Benjamin A. and {Zabalza}, Victor and {Edwards}, Zachary I. and {Azalee Bostroem}, K. and {Burke}, D.~J. and {Casey}, Andrew R. and {Crawford}, Steven M. and {Dencheva}, Nadia and {Ely}, Justin and {Jenness}, Tim and {Labrie}, Kathleen and {Lim}, Pey Lian and {Pierfederici}, Francesco and {Pontzen}, Andrew and {Ptak}, Andy and {Refsdal}, Brian and {Servillat}, Mathieu and {Streicher}, Ole},
	title = "{Astropy: A community Python package for astronomy}",
	journal = {\aap},
	keywords = {methods: data analysis, methods: miscellaneous, virtual observatory tools, Astrophysics - Instrumentation and Methods for Astrophysics},
	year = 2013,
	month = oct,
	volume = {558},
	eid = {A33},
	pages = {A33},
	doi = {10.1051/0004-6361/201322068},
	archivePrefix = {arXiv},
	eprint = {1307.6212},
	primaryClass = {astro-ph.IM},
	adsurl = {https://ui.adsabs.harvard.edu/abs/2013A&A...558A..33A},
	adsnote = {Provided by the SAO/NASA Astrophysics Data System}
}

@MISC{Pandas2021,
	author = {{Reback}, Jeff and {Jbrockmendel} and {McKinney}, Wes and {Van Den Bossche}, Joris and {Augspurger}, Tom and {Cloud}, Phillip and {Hawkins}, Simon and {Gfyoung} and {Sinhrks} and {Roeschke}, Matthew and {Klein}, Adam and {Petersen}, Terji and {Tratner}, Jeff and {She}, Chang and {Ayd}, William and {Hoefler}, Patrick and {Naveh}, Shahar and {Garcia}, Marc and {Schendel}, Jeremy and {Hayden}, Andy and {Saxton}, Daniel and {Gorelli}, Marco Edward and {Shadrach}, Richard and {Jancauskas}, Vytautas and {McMaster}, Ali and {Li}, Fangchen and {Battiston}, Pietro and {Seabold}, Skipper and {Attack68} and {Dong}, Kaiqi},
	title = "{pandas-dev/pandas: Pandas 1.3.0}",
	howpublished = {Zenodo},
	year = 2021,
	month = jul,
	eid = {10.5281/zenodo.5060318},
	doi = {10.5281/zenodo.5060318},
	version = {v1.3.0},
	publisher = {Zenodo},
	adsurl = {https://ui.adsabs.harvard.edu/abs/2021zndo...5060318R},
	adsnote = {Provided by the SAO/NASA Astrophysics Data System}
}

@ARTICLE{Seaborn2021,
	author = {{Waskom}, Michael},
	title = "{seaborn: statistical data visualization}",
	journal = {The Journal of Open Source Software},
	keywords = {Python, data science, statistical graphics, data visualization},
	year = 2021,
	month = apr,
	volume = {6},
	number = {60},
	eid = {3021},
	pages = {3021},
	doi = {10.21105/joss.03021},
	adsurl = {https://ui.adsabs.harvard.edu/abs/2021JOSS....6.3021W},
	adsnote = {Provided by the SAO/NASA Astrophysics Data System}
}

@MISC{H5py2018,
	author = {{Collette}, Andrew and {Tocknell}, James and {Caswell}, Thomas A and {Dale}, Darren and {Kofoed Pedersen}, Ulrik and {Jelenak}, Aleksandar and {Bedini}, Andrea and {Raspaud}, Martin and {jialin} and {Vaillant}, Ghislain Antony and {Feng}, Yu and {Hole}, Laurence and {Johnson}, Seth R. and {Brucher}, Matthieu and {Teichmann}, Martin and {jakirkham} and {Hinsen}, Konrad and {de Buyl}, Pierre and {Huebl}, Axel and {Rathgeber}, Florian and {Verstraelen}, Toon and {Wright}, Geoff and {Yufei}, Chen and {Gregor Ebner}, Simon and {smutch} and {Zwier}, Matthew and {kitchoi} and {Sachs}, Christian and {Lee}, Antony and {Salnikov}, Andy},
	title = "{H5Py/H5Py 2.8.0}",
	howpublished = {Zenodo},
	year = 2018,
	month = may,
	eid = {10.5281/zenodo.1246321},
	doi = {10.5281/zenodo.1246321},
	version = {2.8.0},
	publisher = {Zenodo},
	adsurl = {https://ui.adsabs.harvard.edu/abs/2018zndo...1246321C},
	adsnote = {Provided by the SAO/NASA Astrophysics Data System}
}

@MISC{H5py2021,
	author = {{Collette}, Andrew and {Kluyver}, Thomas and {Caswell}, Thomas A and {Tocknell}, James and {Kieffer}, Jerome and {Scopatz}, Anthony and {Dale}, Darren and {Chen} and {Jelenak}, Aleksandar and {payno} and {juliagarriga} and {VINCENT}, Thomas and {Sciarelli}, Pierlauro and {Valls}, Valentin and {Ghosh}, Satrajit and {Kofoed Pedersen}, Ulrik and {jakirkham} and {Raspaud}, Martin and {Parsons}, Aaron and {Abbasi}, Hameer and {Readey}, John and {Paramonov}, Andrey and {Chan}, Lawrence and {Sol{\'e}}, V. Armando and {jialin} and {Danilevski}, Cyril and {Feng}, Yu and {Vaillant}, Ghislain Antony and {Teichmann}, Martin and {Brucher}, Matthieu},
	title = "{h5py/h5py: 3.2.1}",
	howpublished = {Zenodo},
	year = 2021,
	month = mar,
	eid = {10.5281/zenodo.4584676},
	doi = {10.5281/zenodo.4584676},
	version = {3.2.1},
	publisher = {Zenodo},
	adsurl = {https://ui.adsabs.harvard.edu/abs/2021zndo...4584676C},
	adsnote = {Provided by the SAO/NASA Astrophysics Data System}
}

@ARTICLE{Scipy2020,
	author = {{Virtanen}, Pauli and {Gommers}, Ralf and {Oliphant}, Travis E. and {Haberland}, Matt and {Reddy}, Tyler and {Cournapeau}, David and {Burovski}, Evgeni and {Peterson}, Pearu and {Weckesser}, Warren and {Bright}, Jonathan and {van der Walt}, St{\'e}fan J. and {Brett}, Matthew and {Wilson}, Joshua and {Millman}, K. Jarrod and {Mayorov}, Nikolay and {Nelson}, Andrew R.~J. and {Jones}, Eric and {Kern}, Robert and {Larson}, Eric and {Carey}, C.~J. and {Polat}, {\.I}lhan and {Feng}, Yu and {Moore}, Eric W. and {VanderPlas}, Jake and {Laxalde}, Denis and {Perktold}, Josef and {Cimrman}, Robert and {Henriksen}, Ian and {Quintero}, E.~A. and {Harris}, Charles R. and {Archibald}, Anne M. and {Ribeiro}, Ant{\^o}nio H. and {Pedregosa}, Fabian and {van Mulbregt}, Paul and {SciPy 1. 0 Contributors}},
	title = "{SciPy 1.0: fundamental algorithms for scientific computing in Python}",
	journal = {Nature Methods},
	keywords = {Computer Science - Mathematical Software, Computer Science - Data Structures and Algorithms, Computer Science - Software Engineering, Physics - Computational Physics},
	year = 2020,
	month = feb,
	volume = {17},
	pages = {261-272},
	doi = {10.1038/s41592-019-0686-2},
	archivePrefix = {arXiv},
	eprint = {1907.10121},
	primaryClass = {cs.MS},
	adsurl = {https://ui.adsabs.harvard.edu/abs/2020NatMe..17..261V},
	adsnote = {Provided by the SAO/NASA Astrophysics Data System}
}

